<?xml version="1.0" encoding="UTF-8"?>
<!DOCTYPE html PUBLIC "-//W3C//DTD XHTML 1.0 Transitional//EN"
    "http://www.w3.org/TR/xhtml1/DTD/xhtml1-transitional.dtd">
<html xmlns="http://www.w3.org/1999/xhtml" xml:lang="en" lang="en">
 <head>
  <title>
</title>
<meta http-equiv="Content-Type" content="text/html;charset=utf-8" />
  <meta name='ocr-system' content='tesseract 3.04.00' />
  <meta name='ocr-capabilities' content='ocr_page ocr_carea ocr_par ocr_line ocrx_word'/>
</head>
<body>
  <div class='ocr_page' id='page_1' title='image "./quaestionesxeno00dahmgoog_0009.png"; bbox 0 0 2964 4980; ppageno 0'>
   <div class='ocr_carea' id='block_1_1' title="bbox 824 331 842 387">
    <p class='ocr_par' dir='ltr' id='par_1_1' title="bbox 824 331 842 387">
     <span class='ocr_line' id='line_1_1' title="bbox 824 331 842 387; baseline 0 0"><span class='ocrx_word' id='word_1_1' title='bbox 824 331 842 387; x_wconf 87' lang='lat'>2</span> 
     </span>
    </p>
   </div>
   <div class='ocr_carea' id='block_1_2' title="bbox 225 500 1438 1226">
    <p class='ocr_par' dir='ltr' id='par_1_2' title="bbox 225 500 1438 1226">
     <span class='ocr_line' id='line_1_2' title="bbox 309 500 1435 578; baseline 0.002 -14"><span class='ocrx_word' id='word_1_2' title='bbox 309 500 436 564; x_wconf 82' lang='lat' dir='ltr'>Talibus</span> <span class='ocrx_word' id='word_1_3' title='bbox 469 501 620 562; x_wconf 80' lang='lat' dir='ltr'>sermonis</span> <span class='ocrx_word' id='word_1_4' title='bbox 653 501 924 565; x_wconf 82' lang='lat' dir='ltr'>observationibus</span> <span class='ocrx_word' id='word_1_5' title='bbox 957 502 1144 578; x_wconf 80' lang='lat' dir='ltr'>modicsm1)</span> <span class='ocrx_word' id='word_1_6' title='bbox 1178 507 1299 567; x_wconf 87' lang='lat' dir='ltr'>tantum</span> <span class='ocrx_word' id='word_1_7' title='bbox 1334 505 1435 566; x_wconf 88' lang='lat' dir='ltr'>inesse</span> 
     </span>
     <span class='ocr_line' id='line_1_3' title="bbox 225 581 1436 665; baseline 0.002 -21"><span class='ocrx_word' id='word_1_8' title='bbox 225 582 378 663; x_wconf 88' lang='lat' dir='ltr'>probandi</span> <span class='ocrx_word' id='word_1_9' title='bbox 399 583 460 644; x_wconf 91' lang='lat' dir='ltr'>vim</span> <span class='ocrx_word' id='word_1_10' title='bbox 483 588 623 661; x_wconf 87' lang='lat' dir='ltr'>apparet.</span> <span class='ocrx_word' id='word_1_11' title='bbox 661 581 768 661; x_wconf 84' lang='lat' dir='ltr'>Neque</span> <span class='ocrx_word' id='word_1_12' title='bbox 791 585 876 648; x_wconf 90' lang='lat' dir='ltr'>enim</span> <span class='ocrx_word' id='word_1_13' title='bbox 890 583 1026 647; x_wconf 91' lang='lat' dir='ltr'>auctoris</span> <span class='ocrx_word' id='word_1_14' title='bbox 1048 583 1190 646; x_wconf 82' lang='lat' dir='ltr'>licentiae</span> <span class='ocrx_word' id='word_1_15' title='bbox 1212 585 1436 665; x_wconf 85' lang='lat' dir='ltr'>particularum</span> 
     </span>
     <span class='ocr_line' id='line_1_4' title="bbox 226 664 1436 746; baseline 0.001 -19"><span class='ocrx_word' id='word_1_16' title='bbox 226 681 301 727; x_wconf 90' lang='lat' dir='ltr'>usus</span> <span class='ocrx_word' id='word_1_17' title='bbox 328 670 377 726; x_wconf 92' lang='lat' dir='ltr'>est</span> <span class='ocrx_word' id='word_1_18' title='bbox 405 664 589 743; x_wconf 83' lang='lat' dir='ltr'>permissus,</span> <span class='ocrx_word' id='word_1_19' title='bbox 628 665 680 725; x_wconf 90' lang='lat' dir='ltr'>sed</span> <span class='ocrx_word' id='word_1_20' title='bbox 710 682 780 726; x_wconf 90' lang='lat' dir='ltr'>curn</span> <span class='ocrx_word' id='word_1_21' title='bbox 807 666 957 728; x_wconf 86' lang='lat' dir='ltr'>orationis</span> <span class='ocrx_word' id='word_1_22' title='bbox 986 683 1098 742; x_wconf 85' lang='lat' dir='ltr'>genere</span> <span class='ocrx_word' id='word_1_23' title='bbox 1128 667 1282 729; x_wconf 81' lang='lat' dir='ltr'>cohaeret.</span> <span class='ocrx_word' id='word_1_24' title='bbox 1335 670 1436 746; x_wconf 83' lang='lat' dir='ltr'>Atque</span> 
     </span>
     <span class='ocr_line' id='line_1_5' title="bbox 226 743 1435 825; baseline 0.002 -19"><span class='ocrx_word' id='word_1_25' title='bbox 226 762 343 806; x_wconf 90' lang='lat' dir='ltr'>summo</span> <span class='ocrx_word' id='word_1_26' title='bbox 374 745 440 807; x_wconf 92' lang='lat' dir='ltr'>iure</span> <span class='ocrx_word' id='word_1_27' title='bbox 468 743 542 806; x_wconf 91' lang='lat' dir='ltr'>dicit</span> <span class='ocrx_word' id='word_1_28' title='bbox 568 744 778 822; x_wconf 79' lang='lat' dir='ltr'>Kaihelius²):</span> <span class='ocrx_word' id='word_1_29' title='bbox 820 747 899 809; x_wconf 83' lang='lat' dir='ltr'>lloss</span> <span class='ocrx_word' id='word_1_30' title='bbox 930 746 977 808; x_wconf 95' lang='lat' dir='ltr'>ich</span> <span class='ocrx_word' id='word_1_31' title='bbox 1005 746 1072 808; x_wconf 92' lang='lat' dir='ltr'>hier</span> <span class='ocrx_word' id='word_1_32' title='bbox 1100 747 1161 809; x_wconf 93' lang='lat' dir='ltr'>und</span> <span class='ocrx_word' id='word_1_33' title='bbox 1191 749 1231 809; x_wconf 93' lang='lat' dir='ltr'>im</span> <span class='ocrx_word' id='word_1_34' title='bbox 1254 747 1435 825; x_wconf 85' lang='lat' dir='ltr'>Folgenden</span> 
     </span>
     <span class='ocr_line' id='line_1_6' title="bbox 227 824 1438 903; baseline 0.002 -15"><span class='ocrx_word' id='word_1_35' title='bbox 227 827 276 889; x_wconf 87' lang='lat' dir='ltr'>die</span> <span class='ocrx_word' id='word_1_36' title='bbox 299 825 443 886; x_wconf 89' lang='lat' dir='ltr'>moderne</span> <span class='ocrx_word' id='word_1_37' title='bbox 462 824 747 889; x_wconf 88' lang='lat' dir='ltr'>Partikelstatistik</span> <span class='ocrx_word' id='word_1_38' title='bbox 769 828 853 889; x_wconf 87' lang='lat' dir='ltr'>nicht</span> <span class='ocrx_word' id='word_1_39' title='bbox 875 829 921 891; x_wconf 91' lang='lat' dir='ltr'>als</span> <span class='ocrx_word' id='word_1_40' title='bbox 940 827 1158 890; x_wconf 89' lang='lat' dir='ltr'>Beweismittel</span> <span class='ocrx_word' id='word_1_41' title='bbox 1182 829 1322 903; x_wconf 79' lang='lat' dir='ltr'>henetae,</span> <span class='ocrx_word' id='word_1_42' title='bbox 1345 830 1438 891; x_wconf 75' lang='lat' dir='ltr'>(latur</span> 
     </span>
     <span class='ocr_line' id='line_1_7' title="bbox 226 907 1436 986; baseline 0.003 -18"><span class='ocrx_word' id='word_1_43' title='bbox 226 907 306 969; x_wconf 90' lang='lat' dir='ltr'>habe</span> <span class='ocrx_word' id='word_1_44' title='bbox 328 907 375 969; x_wconf 91' lang='lat' dir='ltr'>ich</span> <span class='ocrx_word' id='word_1_45' title='bbox 399 912 472 986; x_wconf 81' lang='lat' dir='ltr'>gnte</span> <span class='ocrx_word' id='word_1_46' title='bbox 492 907 634 985; x_wconf 80' lang='lat' dir='ltr'>Grunde3</span> <span class='ocrx_word' id='word_1_47' title='bbox 668 908 776 985; x_wconf 84' lang='lat' dir='ltr'>irgend</span> <span class='ocrx_word' id='word_1_48' title='bbox 803 909 935 972; x_wconf 87' lang='lat' dir='ltr'>welchen</span> <span class='ocrx_word' id='word_1_49' title='bbox 961 909 1081 971; x_wconf 88' lang='lat' dir='ltr'>Nutzen</span> <span class='ocrx_word' id='word_1_50' title='bbox 1107 909 1162 972; x_wconf 90' lang='lat' dir='ltr'>hat</span> <span class='ocrx_word' id='word_1_51' title='bbox 1181 911 1264 973; x_wconf 89' lang='lat' dir='ltr'>diese</span> <span class='ocrx_word' id='word_1_52' title='bbox 1285 910 1436 973; x_wconf 78' lang='lat' dir='ltr'>Stetistih</span> 
     </span>
     <span class='ocr_line' id='line_1_8' title="bbox 225 987 1437 1071; baseline 0.003 -21"><span class='ocrx_word' id='word_1_53' title='bbox 225 988 304 1050; x_wconf 91' lang='lat' dir='ltr'>noch</span> <span class='ocrx_word' id='word_1_54' title='bbox 327 987 413 1049; x_wconf 90' lang='lat' dir='ltr'>nicht</span> <span class='ocrx_word' id='word_1_55' title='bbox 435 988 594 1068; x_wconf 81' lang='lat' dir='ltr'>gebracht,</span> <span class='ocrx_word' id='word_1_56' title='bbox 618 988 698 1051; x_wconf 85' lang='lat' dir='ltr'>wohl</span> <span class='ocrx_word' id='word_1_57' title='bbox 720 989 798 1051; x_wconf 89' lang='lat' dir='ltr'>aber</span> <span class='ocrx_word' id='word_1_58' title='bbox 821 992 849 1052; x_wconf 93' lang='lat' dir='ltr'>iu</span> <span class='ocrx_word' id='word_1_59' title='bbox 869 990 1019 1053; x_wconf 84' lang='lat' dir='ltr'>munchen</span> <span class='ocrx_word' id='word_1_60' title='bbox 1032 990 1152 1071; x_wconf 79' lang='lat' dir='ltr'>Kopion</span> <span class='ocrx_word' id='word_1_61' title='bbox 1173 991 1221 1054; x_wconf 91' lang='lat' dir='ltr'>die</span> <span class='ocrx_word' id='word_1_62' title='bbox 1235 991 1437 1070; x_wconf 84' lang='lat' dir='ltr'>Vorstellnng</span> 
     </span>
     <span class='ocr_line' id='line_1_9' title="bbox 226 1068 1437 1211; baseline 0.003 -79"><span class='ocrx_word' id='word_1_63' title='bbox 226 1068 377 1211; x_wconf 60' lang='grc' dir='ltr'><em>ειυεοῑεει,</em></span> <span class='ocrx_word' id='word_1_64' title='bbox 393 1069 440 1131; x_wconf 92' lang='lat' dir='ltr'>als</span> <span class='ocrx_word' id='word_1_65' title='bbox 461 1068 499 1130; x_wconf 95' lang='lat' dir='ltr'>ob</span> <span class='ocrx_word' id='word_1_66' title='bbox 522 1069 616 1132; x_wconf 84' lang='lat' dir='ltr'>durch</span> <span class='ocrx_word' id='word_1_67' title='bbox 638 1068 914 1148; x_wconf 75' lang='lat' dir='ltr'>fleissigesZahlen</span> <span class='ocrx_word' id='word_1_68' title='bbox 938 1072 1002 1134; x_wconf 92' lang='lat' dir='ltr'>sich</span> <span class='ocrx_word' id='word_1_69' title='bbox 1025 1072 1172 1137; x_wconf 87' lang='lat' dir='ltr'>kritische</span> <span class='ocrx_word' id='word_1_70' title='bbox 1190 1072 1368 1137; x_wconf 87' lang='lat' dir='ltr'>Lorbeeren</span> <span class='ocrx_word' id='word_1_71' title='bbox 1389 1092 1437 1136; x_wconf 94' lang='lat' dir='ltr'>er-</span> 
     </span>
     <span class='ocr_line' id='line_1_10' title="bbox 225 1168 480 1226; baseline -0.008 -13"><span class='ocrx_word' id='word_1_72' title='bbox 225 1169 334 1226; x_wconf 84' lang='lat' dir='ltr'>rrngen</span> <span class='ocrx_word' id='word_1_73' title='bbox 370 1168 480 1212; x_wconf 86' lang='lat' dir='ltr'>resson.</span> 
     </span>
    </p>
   </div>
   <div class='ocr_carea' id='block_1_3' title="bbox 225 1248 1437 1981">
    <p class='ocr_par' dir='ltr' id='par_1_3' title="bbox 225 1248 1437 1981">
     <span class='ocr_line' id='line_1_11' title="bbox 310 1248 1437 1330; baseline 0.004 -19"><span class='ocrx_word' id='word_1_74' title='bbox 310 1249 398 1312; x_wconf 90' lang='lat' dir='ltr'>Hanc</span> <span class='ocrx_word' id='word_1_75' title='bbox 422 1248 503 1310; x_wconf 81' lang='lat' dir='ltr'>riam</span> <span class='ocrx_word' id='word_1_76' title='bbox 534 1248 565 1310; x_wconf 92' lang='lat' dir='ltr'>in</span> <span class='ocrx_word' id='word_1_77' title='bbox 594 1248 779 1328; x_wconf 89' lang='lat' dir='ltr'>scriptorum</span> <span class='ocrx_word' id='word_1_78' title='bbox 802 1248 1017 1329; x_wconf 85' lang='lat' dir='ltr'>Xenophontis</span> <span class='ocrx_word' id='word_1_79' title='bbox 1037 1249 1236 1330; x_wconf 81' lang='lat' dir='ltr'>chronologia</span> <span class='ocrx_word' id='word_1_80' title='bbox 1258 1252 1437 1317; x_wconf 88' lang='lat' dir='ltr'>definienda</span> 
     </span>
     <span class='ocr_line' id='line_1_12' title="bbox 225 1329 1433 1414; baseline 0.004 -22"><span class='ocrx_word' id='word_1_81' title='bbox 225 1337 332 1392; x_wconf 87' lang='lat' dir='ltr'>statuo</span> <span class='ocrx_word' id='word_1_82' title='bbox 355 1347 424 1392; x_wconf 88' lang='lat' dir='ltr'>esse</span> <span class='ocrx_word' id='word_1_83' title='bbox 448 1329 652 1407; x_wconf 83' lang='lat' dir='ltr'>muniendam,</span> <span class='ocrx_word' id='word_1_84' title='bbox 677 1335 713 1392; x_wconf 92' lang='lat' dir='ltr'>ut</span> <span class='ocrx_word' id='word_1_85' title='bbox 732 1350 767 1392; x_wconf 87' lang='lat' dir='ltr'>ex</span> <span class='ocrx_word' id='word_1_86' title='bbox 789 1332 952 1395; x_wconf 89' lang='lat' dir='ltr'>sententiis</span> <span class='ocrx_word' id='word_1_87' title='bbox 973 1349 1050 1412; x_wconf 91' lang='lat' dir='ltr'>quas</span> <span class='ocrx_word' id='word_1_88' title='bbox 1074 1333 1140 1412; x_wconf 92' lang='lat' dir='ltr'>ipse</span> <span class='ocrx_word' id='word_1_89' title='bbox 1161 1333 1275 1413; x_wconf 88' lang='lat' dir='ltr'>repetit</span> <span class='ocrx_word' id='word_1_90' title='bbox 1296 1336 1433 1414; x_wconf 89' lang='lat' dir='ltr'>scriptor</span> 
     </span>
     <span class='ocr_line' id='line_1_13' title="bbox 227 1410 1436 1495; baseline 0.003 -22"><span class='ocrx_word' id='word_1_91' title='bbox 227 1412 358 1473; x_wconf 87' lang='lat' dir='ltr'>diversis</span> <span class='ocrx_word' id='word_1_92' title='bbox 381 1412 411 1472; x_wconf 93' lang='lat' dir='ltr'>in</span> <span class='ocrx_word' id='word_1_93' title='bbox 434 1410 535 1486; x_wconf 90' lang='lat' dir='ltr'>libris,</span> <span class='ocrx_word' id='word_1_94' title='bbox 567 1410 642 1488; x_wconf 87' lang='lat' dir='ltr'>quid</span> <span class='ocrx_word' id='word_1_95' title='bbox 668 1419 880 1490; x_wconf 88' lang='lat' dir='ltr'>consequatur</span> <span class='ocrx_word' id='word_1_96' title='bbox 904 1413 943 1476; x_wconf 90' lang='lat' dir='ltr'>ad</span> <span class='ocrx_word' id='word_1_97' title='bbox 965 1414 1103 1476; x_wconf 88' lang='lat' dir='ltr'>ordinem</span> <span class='ocrx_word' id='word_1_98' title='bbox 1126 1432 1164 1478; x_wconf 89' lang='lat' dir='ltr'>ac</span> <span class='ocrx_word' id='word_1_99' title='bbox 1183 1421 1306 1495; x_wconf 91' lang='lat' dir='ltr'>tempus</span> <span class='ocrx_word' id='word_1_100' title='bbox 1330 1434 1436 1480; x_wconf 90' lang='lat' dir='ltr'>eorum</span> 
     </span>
     <span class='ocr_line' id='line_1_14' title="bbox 225 1492 1436 1572; baseline 0.004 -18"><span class='ocrx_word' id='word_1_101' title='bbox 225 1492 486 1569; x_wconf 88' lang='lat' dir='ltr'>constituendum,</span> <span class='ocrx_word' id='word_1_102' title='bbox 508 1498 655 1554; x_wconf 88' lang='lat' dir='ltr'>accurate</span> <span class='ocrx_word' id='word_1_103' title='bbox 673 1494 912 1572; x_wconf 85' lang='lat' dir='ltr'>perspiciamus;</span> <span class='ocrx_word' id='word_1_104' title='bbox 933 1494 1015 1558; x_wconf 92' lang='lat' dir='ltr'>aliae</span> <span class='ocrx_word' id='word_1_105' title='bbox 1034 1496 1100 1557; x_wconf 88' lang='lat' dir='ltr'>viae</span> <span class='ocrx_word' id='word_1_106' title='bbox 1116 1495 1181 1558; x_wconf 87' lang='lat' dir='ltr'>fere</span> <span class='ocrx_word' id='word_1_107' title='bbox 1200 1515 1305 1560; x_wconf 92' lang='lat' dir='ltr'>omnes</span> <span class='ocrx_word' id='word_1_108' title='bbox 1325 1497 1436 1559; x_wconf 86' lang='lat' dir='ltr'>inanes</span> 
     </span>
     <span class='ocr_line' id='line_1_15' title="bbox 226 1573 1436 1659; baseline 0.005 -23"><span class='ocrx_word' id='word_1_109' title='bbox 226 1580 301 1636; x_wconf 91' lang='lat' dir='ltr'>sunt</span> <span class='ocrx_word' id='word_1_110' title='bbox 332 1581 425 1652; x_wconf 88' lang='lat' dir='ltr'>atque</span> <span class='ocrx_word' id='word_1_111' title='bbox 448 1573 573 1636; x_wconf 81' lang='lat' dir='ltr'>fallaces</span> <span class='ocrx_word' id='word_1_112' title='bbox 605 1573 654 1648; x_wconf 86' lang='lat' dir='ltr'>(cf.</span> <span class='ocrx_word' id='word_1_113' title='bbox 684 1573 815 1636; x_wconf 86' lang='lat' dir='ltr'>Joelium</span> <span class='ocrx_word' id='word_1_114' title='bbox 842 1576 873 1637; x_wconf 93' lang='lat' dir='ltr'>in</span> <span class='ocrx_word' id='word_1_115' title='bbox 899 1576 978 1640; x_wconf 93' lang='lat' dir='ltr'>libro</span> <span class='ocrx_word' id='word_1_116' title='bbox 1011 1577 1047 1638; x_wconf 87' lang='grc' dir='ltr'>Ι).</span> <span class='ocrx_word' id='word_1_117' title='bbox 1070 1574 1159 1639; x_wconf 92' lang='lat' dir='ltr'>echte</span> <span class='ocrx_word' id='word_1_118' title='bbox 1188 1596 1219 1640; x_wconf 92' lang='lat' dir='ltr'>u.</span> <span class='ocrx_word' id='word_1_119' title='bbox 1242 1579 1270 1640; x_wconf 86' lang='lat' dir='ltr'>d.</span> <span class='ocrx_word' id='word_1_120' title='bbox 1301 1580 1436 1659; x_wconf 86' lang='lat' dir='ltr'>xenoph.</span> 
     </span>
     <span class='ocr_line' id='line_1_16' title="bbox 226 1655 1435 1737; baseline 0.003 -19"><span class='ocrx_word' id='word_1_121' title='bbox 226 1655 292 1718; x_wconf 88' lang='lat' dir='ltr'>Soc.</span> <span class='ocrx_word' id='word_1_122' title='bbox 316 1656 338 1731; x_wconf 84' lang='lat'>1,</span> <span class='ocrx_word' id='word_1_123' title='bbox 360 1659 408 1732; x_wconf 91' lang='grc'>66,</span> <span class='ocrx_word' id='word_1_124' title='bbox 433 1658 471 1730; x_wconf 82' lang='lat' dir='ltr'>l).</span> <span class='ocrx_word' id='word_1_125' title='bbox 517 1657 619 1733; x_wconf 84' lang='lat' dir='ltr'>dtque</span> <span class='ocrx_word' id='word_1_126' title='bbox 647 1655 778 1734; x_wconf 91' lang='lat' dir='ltr'>primum</span> <span class='ocrx_word' id='word_1_127' title='bbox 800 1656 921 1734; x_wconf 86' lang='lat' dir='ltr'>quidem</span> <span class='ocrx_word' id='word_1_128' title='bbox 940 1674 1018 1737; x_wconf 88' lang='lat' dir='ltr'>quae</span> <span class='ocrx_word' id='word_1_129' title='bbox 1040 1658 1241 1721; x_wconf 87' lang='lat' dir='ltr'>inveniuntur</span> <span class='ocrx_word' id='word_1_130' title='bbox 1267 1661 1381 1722; x_wconf 90' lang='lat' dir='ltr'>similia</span> <span class='ocrx_word' id='word_1_131' title='bbox 1405 1663 1435 1722; x_wconf 90' lang='lat' dir='ltr'>in</span> 
     </span>
     <span class='ocr_line' id='line_1_17' title="bbox 225 1735 1435 1820; baseline 0.005 -22"><span class='ocrx_word' id='word_1_132' title='bbox 225 1736 389 1798; x_wconf 90' lang='lat' dir='ltr'>sententiis</span> <span class='ocrx_word' id='word_1_133' title='bbox 411 1754 490 1816; x_wconf 90' lang='lat' dir='ltr'>quas</span> <span class='ocrx_word' id='word_1_134' title='bbox 519 1735 640 1814; x_wconf 83' lang='lat' dir='ltr'>profert</span> <span class='ocrx_word' id='word_1_135' title='bbox 668 1735 698 1798; x_wconf 94' lang='lat' dir='ltr'>in</span> <span class='ocrx_word' id='word_1_136' title='bbox 723 1736 959 1801; x_wconf 79' lang='lat' dir='ltr'>Commentariis</span> <span class='ocrx_word' id='word_1_137' title='bbox 983 1741 1144 1819; x_wconf 87' lang='lat' dir='ltr'>Socrates,</span> <span class='ocrx_word' id='word_1_138' title='bbox 1176 1739 1276 1818; x_wconf 86' lang='lat' dir='ltr'>Cyrus</span> <span class='ocrx_word' id='word_1_139' title='bbox 1306 1742 1338 1804; x_wconf 91' lang='lat' dir='ltr'>in</span> <span class='ocrx_word' id='word_1_140' title='bbox 1362 1742 1435 1820; x_wconf 88' lang='lat' dir='ltr'>Cyri</span> 
     </span>
     <span class='ocr_line' id='line_1_18' title="bbox 225 1815 1435 1902; baseline 0.005 -23"><span class='ocrx_word' id='word_1_141' title='bbox 225 1817 430 1894; x_wconf 86' lang='lat' dir='ltr'>institutione,</span> <span class='ocrx_word' id='word_1_142' title='bbox 453 1818 650 1893; x_wconf 87' lang='lat' dir='ltr'>conscribam,</span> <span class='ocrx_word' id='word_1_143' title='bbox 674 1815 786 1880; x_wconf 89' lang='lat' dir='ltr'>deinde</span> <span class='ocrx_word' id='word_1_144' title='bbox 808 1837 958 1897; x_wconf 83' lang='lat' dir='ltr'>exponam</span> <span class='ocrx_word' id='word_1_145' title='bbox 981 1838 1071 1901; x_wconf 90' lang='lat' dir='ltr'>quem</span> <span class='ocrx_word' id='word_1_146' title='bbox 1090 1821 1225 1884; x_wconf 89' lang='lat' dir='ltr'>fructum</span> <span class='ocrx_word' id='word_1_147' title='bbox 1243 1824 1435 1902; x_wconf 85' lang='lat' dir='ltr'>excipiamus</span> 
     </span>
     <span class='ocr_line' id='line_1_19' title="bbox 225 1899 1221 1981; baseline 0.005 -20"><span class='ocrx_word' id='word_1_148' title='bbox 225 1899 255 1961; x_wconf 94' lang='lat' dir='ltr'>io</span> <span class='ocrx_word' id='word_1_149' title='bbox 277 1899 386 1961; x_wconf 91' lang='lat' dir='ltr'>ordine</span> <span class='ocrx_word' id='word_1_150' title='bbox 407 1903 503 1977; x_wconf 89' lang='lat' dir='ltr'>atque</span> <span class='ocrx_word' id='word_1_151' title='bbox 527 1904 668 1977; x_wconf 90' lang='lat' dir='ltr'>tempore</span> <span class='ocrx_word' id='word_1_152' title='bbox 690 1899 850 1978; x_wconf 88' lang='lat' dir='ltr'>utriusque</span> <span class='ocrx_word' id='word_1_153' title='bbox 872 1902 973 1981; x_wconf 90' lang='lat' dir='ltr'>operis</span> <span class='ocrx_word' id='word_1_154' title='bbox 996 1902 1221 1966; x_wconf 90' lang='lat' dir='ltr'>constituendo.</span> 
     </span>
    </p>
   </div>
   <div class='ocr_carea' id='block_1_4' title="bbox 224 1995 1435 2156">
    <p class='ocr_par' dir='ltr' id='par_1_4' title="bbox 224 1995 1435 2156">
     <span class='ocr_line' id='line_1_20' title="bbox 305 1995 1435 2077; baseline 0.004 -18"><span class='ocrx_word' id='word_1_155' title='bbox 305 1995 601 2060; x_wconf 83' lang='lat' dir='ltr'>Commentariorum</span> <span class='ocrx_word' id='word_1_156' title='bbox 623 1996 663 2075; x_wconf 83' lang='lat' dir='ltr'>igi</span> <span class='ocrx_word' id='word_1_157' title='bbox 671 2001 721 2058; x_wconf 92' lang='lat' dir='ltr'>tur</span> <span class='ocrx_word' id='word_1_158' title='bbox 741 2003 773 2060; x_wconf 92' lang='lat' dir='ltr'>et</span> <span class='ocrx_word' id='word_1_159' title='bbox 786 1997 859 2077; x_wconf 82' lang='lat' dir='ltr'>Cyri</span> <span class='ocrx_word' id='word_1_160' title='bbox 879 1998 1085 2064; x_wconf 89' lang='lat' dir='ltr'>institutionis</span> <span class='ocrx_word' id='word_1_161' title='bbox 1102 2000 1186 2064; x_wconf 88' lang='lat' dir='ltr'>locos</span> <span class='ocrx_word' id='word_1_162' title='bbox 1203 2001 1285 2064; x_wconf 90' lang='lat' dir='ltr'>inter</span> <span class='ocrx_word' id='word_1_163' title='bbox 1305 2019 1339 2064; x_wconf 92' lang='lat' dir='ltr'>se</span> <span class='ocrx_word' id='word_1_164' title='bbox 1360 2018 1435 2064; x_wconf 88' lang='lat' dir='ltr'>con·</span> 
     </span>
     <span class='ocr_line' id='line_1_21' title="bbox 224 2076 726 2156; baseline 0.006 -18"><span class='ocrx_word' id='word_1_165' title='bbox 224 2077 368 2154; x_wconf 83' lang='lat' dir='ltr'>feremus,</span> <span class='ocrx_word' id='word_1_166' title='bbox 391 2076 526 2140; x_wconf 89' lang='lat' dir='ltr'>tabellae</span> <span class='ocrx_word' id='word_1_167' title='bbox 549 2077 726 2156; x_wconf 89' lang='lat' dir='ltr'>loquentur.</span> 
     </span>
    </p>
   </div>
   <div class='ocr_carea' id='block_1_5' title="bbox 302 2203 1343 2362">
    <p class='ocr_par' dir='ltr' id='par_1_5' title="bbox 302 2203 1343 2362">
     <span class='ocr_line' id='line_1_22' title="bbox 409 2203 1249 2276; baseline 0.006 -20"><span class='ocrx_word' id='word_1_168' title='bbox 409 2203 439 2257; x_wconf 91' lang='lat' dir='ltr'>in</span> <span class='ocrx_word' id='word_1_169' title='bbox 457 2204 608 2258; x_wconf 72' lang='lat' dir='ltr'>comment.</span> <span class='ocrx_word' id='word_1_170' title='bbox 1034 2206 1064 2260; x_wconf 87' lang='lat' dir='ltr'>in</span> <span class='ocrx_word' id='word_1_171' title='bbox 1082 2207 1145 2276; x_wconf 78' lang='lat' dir='ltr'>Cyri</span> <span class='ocrx_word' id='word_1_172' title='bbox 1163 2207 1249 2262; x_wconf 85' lang='lat' dir='ltr'>instit.</span> 
     </span>
     <span class='ocr_line' id='line_1_23' title="bbox 302 2288 1343 2362; baseline 0.006 -21"><span class='ocrx_word' id='word_1_173' title='bbox 302 2288 409 2344; x_wconf 79' lang='lat' dir='ltr'>Dicitur</span> <span class='ocrx_word' id='word_1_174' title='bbox 427 2289 460 2344; x_wconf 91' lang='lat' dir='ltr'>de</span> <span class='ocrx_word' id='word_1_175' title='bbox 478 2289 589 2344; x_wconf 84' lang='lat' dir='ltr'>Socrate</span> <span class='ocrx_word' id='word_1_176' title='bbox 607 2289 627 2354; x_wconf 87' lang='grc' dir='ltr'>Ι,</span> <span class='ocrx_word' id='word_1_177' title='bbox 648 2291 671 2358; x_wconf 89' lang='grc'>1,</span> <span class='ocrx_word' id='word_1_178' title='bbox 691 2292 716 2344; x_wconf 92' lang='grc'>9.</span> <span class='ocrx_word' id='word_1_179' title='bbox 932 2293 1025 2348; x_wconf 88' lang='lat' dir='ltr'>Verba</span> <span class='ocrx_word' id='word_1_180' title='bbox 1042 2293 1110 2346; x_wconf 85' lang='lat' dir='ltr'>facit</span> <span class='ocrx_word' id='word_1_181' title='bbox 1130 2293 1215 2362; x_wconf 83' lang='lat' dir='ltr'>Cyrus</span> <span class='ocrx_word' id='word_1_182' title='bbox 1234 2295 1254 2361; x_wconf 87' lang='grc' dir='ltr'>Ι,</span> <span class='ocrx_word' id='word_1_183' title='bbox 1275 2294 1300 2360; x_wconf 89' lang='grc'>6,</span> <span class='ocrx_word' id='word_1_184' title='bbox 1319 2295 1343 2348; x_wconf 89' lang='grc'>6.</span> 
     </span>
    </p>
   </div>
   <div class='ocr_carea' id='block_1_6' title="bbox 209 2374 1434 3727">
    <p class='ocr_par' dir='ltr' id='par_1_6' title="bbox 209 2374 1434 3727">
     <span class='ocr_line' id='line_1_24' title="bbox 263 2374 1434 2462; baseline 0 -30"><span class='ocrx_word' id='word_1_185' title='bbox 263 2377 333 2439; x_wconf 85' lang='grc' dir='ltr'><em>Τούς</em></span> <span class='ocrx_word' id='word_1_186' title='bbox 356 2380 386 2432; x_wconf 82' lang='grc' dir='ltr'>δὲ</span> <span class='ocrx_word' id='word_1_187' title='bbox 408 2381 570 2452; x_wconf 63' lang='lat' dir='ltr'>ponderosis</span> <span class='ocrx_word' id='word_1_188' title='bbox 598 2384 730 2435; x_wconf 79' lang='grc' dir='ltr'><em>τοιούτων</em></span> <span class='ocrx_word' id='word_1_189' title='bbox 749 2382 802 2434; x_wconf 82' lang='lat' dir='ltr'>oio·</span> <span class='ocrx_word' id='word_1_190' title='bbox 889 2381 950 2432; x_wconf 84' lang='grc' dir='ltr'>Καὶ</span> <span class='ocrx_word' id='word_1_191' title='bbox 971 2375 1028 2462; x_wconf 69' lang='grc' dir='ltr'>μὰρ</span> <span class='ocrx_word' id='word_1_192' title='bbox 1051 2374 1127 2430; x_wconf 79' lang='grc' dir='ltr'><em>οἶδά</em></span> <span class='ocrx_word' id='word_1_193' title='bbox 1145 2398 1182 2432; x_wconf 92' lang='grc' dir='ltr'>σε</span> <span class='ocrx_word' id='word_1_194' title='bbox 1202 2379 1357 2447; x_wconf 78' lang='grc' dir='ltr'><em>λέγοντα</em></span> <span class='ocrx_word' id='word_1_195' title='bbox 1377 2376 1434 2432; x_wconf 77' lang='lat' dir='ltr'>risi</span> 
     </span>
     <span class='ocr_line' id='line_1_25' title="bbox 223 2442 1433 2529; baseline -0.001 -29"><span class='ocrx_word' id='word_1_196' title='bbox 223 2448 326 2518; x_wconf 81' lang='grc' dir='ltr'><em>μένους</em></span> <span class='ocrx_word' id='word_1_197' title='bbox 345 2445 419 2501; x_wconf 80' lang='grc' dir='ltr'><em>εἶναι</em></span> <span class='ocrx_word' id='word_1_198' title='bbox 438 2449 596 2521; x_wconf 90' lang='grc' dir='ltr'><em>δαιμόνιον,</em></span> <span class='ocrx_word' id='word_1_199' title='bbox 626 2446 693 2502; x_wconf 65' lang='lat' dir='ltr'>citt&amp;</span> <span class='ocrx_word' id='word_1_200' title='bbox 712 2453 801 2504; x_wconf 83' lang='grc' dir='ltr'><em>πάντα</em></span> <span class='ocrx_word' id='word_1_201' title='bbox 852 2442 888 2507; x_wconf 78' lang='grc' dir='ltr'><em>ὥς</em></span> <span class='ocrx_word' id='word_1_202' title='bbox 915 2445 978 2501; x_wconf 87' lang='grc' dir='ltr'><em>ούδε</em></span> <span class='ocrx_word' id='word_1_203' title='bbox 1005 2446 1090 2529; x_wconf 86' lang='grc' dir='ltr'><em>θέμις</em></span> <span class='ocrx_word' id='word_1_204' title='bbox 1119 2447 1162 2516; x_wconf 80' lang='grc' dir='ltr'>εἴη</span> <span class='ocrx_word' id='word_1_205' title='bbox 1188 2447 1330 2499; x_wconf 84' lang='grc' dir='ltr'><em>αἰτεῖσθαι</em></span> <span class='ocrx_word' id='word_1_206' title='bbox 1356 2444 1433 2520; x_wconf 84' lang='grc' dir='ltr'><em>παρὰ</em></span> 
     </span>
     <span class='ocr_line' id='line_1_26' title="bbox 224 2511 1432 2589; baseline 0 -22"><span class='ocrx_word' id='word_1_207' title='bbox 224 2514 272 2585; x_wconf 79' lang='grc' dir='ltr'><em>τῆς</em></span> <span class='ocrx_word' id='word_1_208' title='bbox 305 2512 484 2586; x_wconf 83' lang='grc' dir='ltr'><em>ᾶνθρωπίνης</em></span> <span class='ocrx_word' id='word_1_209' title='bbox 518 2515 631 2586; x_wconf 80' lang='grc' dir='ltr'>γνώμης</span> <span class='ocrx_word' id='word_1_210' title='bbox 663 2518 802 2589; x_wconf 76' lang='grc' dir='ltr'><em>δαιμονᾶν</em></span> <span class='ocrx_word' id='word_1_211' title='bbox 853 2516 906 2567; x_wconf 83' lang='grc' dir='ltr'><em>τῶν</em></span> <span class='ocrx_word' id='word_1_212' title='bbox 919 2515 996 2569; x_wconf 80' lang='grc' dir='ltr'><em>θεῶν</em></span> <span class='ocrx_word' id='word_1_213' title='bbox 1012 2515 1076 2568; x_wconf 88' lang='grc' dir='ltr'><em>ούτε</em></span> <span class='ocrx_word' id='word_1_214' title='bbox 1089 2514 1221 2568; x_wconf 85' lang='grc' dir='ltr'><em>ἱππεύειν</em></span> <span class='ocrx_word' id='word_1_215' title='bbox 1233 2511 1271 2586; x_wconf 75' lang='grc' dir='ltr'>μὴ</span> <span class='ocrx_word' id='word_1_216' title='bbox 1285 2520 1432 2586; x_wconf 87' lang='grc' dir='ltr'><em>μαθόντας</em></span> 
     </span>
     <span class='ocr_line' id='line_1_27' title="bbox 224 2579 1433 2671; baseline 0.001 -36"><span class='ocrx_word' id='word_1_217' title='bbox 224 2583 284 2654; x_wconf 79' lang='grc' dir='ltr'><strong><em>ἔφη.</em></strong></span> <span class='ocrx_word' id='word_1_218' title='bbox 312 2584 453 2671; x_wconf 84' lang='grc' dir='ltr'><em>δαιμονᾶν</em></span> <span class='ocrx_word' id='word_1_219' title='bbox 471 2584 501 2637; x_wconf 81' lang='grc' dir='ltr'>δὲ</span> <span class='ocrx_word' id='word_1_220' title='bbox 520 2587 568 2637; x_wconf 84' lang='grc' dir='ltr'>καὶ</span> <span class='ocrx_word' id='word_1_221' title='bbox 586 2581 650 2644; x_wconf 85' lang='grc' dir='ltr'><em>τούς</em></span> <span class='ocrx_word' id='word_1_222' title='bbox 658 2604 802 2670; x_wconf 80' lang='grc' dir='ltr'><em>μαντευο-</em></span> <span class='ocrx_word' id='word_1_223' title='bbox 851 2583 1078 2654; x_wconf 80' lang='grc' dir='ltr'><em>ἱππομαχοῦντας</em></span> <span class='ocrx_word' id='word_1_224' title='bbox 1096 2583 1194 2644; x_wconf 87' lang='grc' dir='ltr'><em>νικᾶν,</em></span> <span class='ocrx_word' id='word_1_225' title='bbox 1220 2582 1283 2636; x_wconf 77' lang='grc' dir='ltr'><em>οὕτε</em></span> <span class='ocrx_word' id='word_1_226' title='bbox 1308 2579 1346 2654; x_wconf 85' lang='grc' dir='ltr'>μὴ</span> <span class='ocrx_word' id='word_1_227' title='bbox 1374 2581 1433 2636; x_wconf 83' lang='grc' dir='ltr'><em>ε’πι-</em></span> 
     </span>
     <span class='ocr_line' id='line_1_28' title="bbox 221 2649 1433 2724; baseline -0.001 -20"><span class='ocrx_word' id='word_1_228' title='bbox 221 2652 325 2722; x_wconf 83' lang='grc' dir='ltr'><em>μένους</em></span> <span class='ocrx_word' id='word_1_229' title='bbox 344 2674 360 2705; x_wconf 94' lang='grc' dir='ltr'><em>α</em></span> <span class='ocrx_word' id='word_1_230' title='bbox 389 2659 446 2712; x_wconf 87' lang='grc' dir='ltr'><em>τοῖς</em></span> <span class='ocrx_word' id='word_1_231' title='bbox 470 2649 630 2724; x_wconf 69' lang='grc' dir='ltr'><em>ἀνθρώποις</em></span> <span class='ocrx_word' id='word_1_232' title='bbox 655 2654 759 2706; x_wconf 83' lang='grc' dir='ltr'><em>εδωκαν</em></span> <span class='ocrx_word' id='word_1_233' title='bbox 776 2656 802 2706; x_wconf 79' lang='grc' dir='ltr'>οἱ</span> <span class='ocrx_word' id='word_1_234' title='bbox 851 2653 1004 2724; x_wconf 83' lang='grc' dir='ltr'><em>σταμένους</em></span> <span class='ocrx_word' id='word_1_235' title='bbox 1029 2650 1154 2709; x_wconf 80' lang='grc' dir='ltr'><em>τοξεύειν</em></span> <span class='ocrx_word' id='word_1_236' title='bbox 1180 2651 1342 2711; x_wconf 77' lang='grc' dir='ltr'><em>τοξεύοντας</em></span> <span class='ocrx_word' id='word_1_237' title='bbox 1368 2672 1433 2723; x_wconf 86' lang='grc' dir='ltr'><em>κρα-</em></span> 
     </span>
     <span class='ocr_line' id='line_1_29' title="bbox 223 2715 1431 2793; baseline 0 -22"><span class='ocrx_word' id='word_1_238' title='bbox 223 2722 289 2772; x_wconf 84' lang='grc' dir='ltr'><em>θεοὶ</em></span> <span class='ocrx_word' id='word_1_239' title='bbox 306 2720 432 2791; x_wconf 85' lang='grc' dir='ltr'><em>μαθούσι</em></span> <span class='ocrx_word' id='word_1_240' title='bbox 451 2721 615 2793; x_wconf 82' lang='grc' dir='ltr'><em>διακρίνειν</em></span> <span class='ocrx_word' id='word_1_241' title='bbox 636 2715 696 2774; x_wconf 84' lang='grc' dir='ltr'><em>οἷον</em></span> <span class='ocrx_word' id='word_1_242' title='bbox 715 2723 802 2782; x_wconf 83' lang='grc' dir='ltr'><em>εἴτις</em></span> <span class='ocrx_word' id='word_1_243' title='bbox 851 2727 910 2773; x_wconf 87' lang='grc' dir='ltr'><em>τεῖν</em></span> <span class='ocrx_word' id='word_1_244' title='bbox 929 2721 982 2773; x_wconf 82' lang='grc' dir='ltr'><em>τῶν</em></span> <span class='ocrx_word' id='word_1_245' title='bbox 997 2719 1195 2790; x_wconf 81' lang='grc' dir='ltr'><em>ἐπισταμένων,</em></span> <span class='ocrx_word' id='word_1_246' title='bbox 1216 2718 1280 2773; x_wconf 83' lang='grc' dir='ltr'><em>ούτε</em></span> <span class='ocrx_word' id='word_1_247' title='bbox 1297 2716 1337 2791; x_wconf 74' lang='grc' dir='ltr'>μὴ</span> <span class='ocrx_word' id='word_1_248' title='bbox 1357 2722 1431 2773; x_wconf 76' lang='grc' dir='ltr'><em>ἐπι-</em></span> 
     </span>
     <span class='ocr_line' id='line_1_30' title="bbox 225 2785 1432 2861; baseline 0.001 -21"><span class='ocrx_word' id='word_1_249' title='bbox 225 2785 378 2861; x_wconf 79' lang='grc' dir='ltr'><em>ἐπερωτῴη,</em></span> <span class='ocrx_word' id='word_1_250' title='bbox 395 2788 516 2860; x_wconf 87' lang='grc' dir='ltr'><em>πότερον</em></span> <span class='ocrx_word' id='word_1_251' title='bbox 535 2788 723 2861; x_wconf 74' lang='grc' dir='ltr'><em>ἐπιστάμενον</em></span> <span class='ocrx_word' id='word_1_252' title='bbox 743 2787 800 2860; x_wconf 75' lang='grc' dir='ltr'><em>ἡνι-</em></span> <span class='ocrx_word' id='word_1_253' title='bbox 851 2806 912 2842; x_wconf 88' lang='grc' dir='ltr'>στα</span> <span class='ocrx_word' id='word_1_254' title='bbox 919 2789 963 2859; x_wconf 85' lang='grc' dir='ltr'>με’</span> <span class='ocrx_word' id='word_1_255' title='bbox 970 2809 1053 2848; x_wconf 93' lang='grc' dir='ltr'><em>νους</em></span> <span class='ocrx_word' id='word_1_256' title='bbox 1072 2788 1254 2860; x_wconf 76' lang='grc' dir='ltr'><em>κυβερνᾶν</em></span> <span class='ocrx_word' id='word_1_257' title='bbox 1273 2786 1370 2860; x_wconf 71' lang='grc' dir='ltr'><em>σῴζειν</em></span> <span class='ocrx_word' id='word_1_258' title='bbox 1389 2786 1432 2841; x_wconf 83' lang='grc' dir='ltr'>εύ-</span> 
     </span>
     <span class='ocr_line' id='line_1_31' title="bbox 224 2853 1430 2939; baseline -0.002 -30"><span class='ocrx_word' id='word_1_259' title='bbox 224 2864 300 2939; x_wconf 81' lang='grc' dir='ltr'><em>ρχεῖν</em></span> <span class='ocrx_word' id='word_1_260' title='bbox 310 2854 355 2910; x_wconf 80' lang='grc' dir='ltr'>ἐπὶ</span> <span class='ocrx_word' id='word_1_261' title='bbox 368 2856 464 2927; x_wconf 79' lang='grc' dir='ltr'><em>ζεῦγος</em></span> <span class='ocrx_word' id='word_1_262' title='bbox 480 2859 574 2926; x_wconf 78' lang='grc' dir='ltr'><em>λαβεῖν</em></span> <span class='ocrx_word' id='word_1_263' title='bbox 588 2865 715 2929; x_wconf 86' lang='grc' dir='ltr'><em>κρεῖττον</em></span> <span class='ocrx_word' id='word_1_264' title='bbox 732 2855 748 2928; x_wconf 82' lang='grc' dir='ltr'><strong><em>ἦ</em></strong></span> <span class='ocrx_word' id='word_1_265' title='bbox 759 2855 799 2930; x_wconf 76' lang='grc' dir='ltr'>μὴ</span> <span class='ocrx_word' id='word_1_266' title='bbox 846 2863 950 2927; x_wconf 83' lang='grc' dir='ltr'><em>χεσθαι</em></span> <span class='ocrx_word' id='word_1_267' title='bbox 976 2856 1044 2916; x_wconf 80' lang='grc' dir='ltr'><em>ναῦς</em></span> <span class='ocrx_word' id='word_1_268' title='bbox 1069 2856 1273 2928; x_wconf 86' lang='grc' dir='ltr'><em>κυβερνῶντας,</em></span> <span class='ocrx_word' id='word_1_269' title='bbox 1303 2855 1366 2908; x_wconf 82' lang='grc' dir='ltr'><em>οὐδὲ</em></span> <span class='ocrx_word' id='word_1_270' title='bbox 1417 2853 1430 2926; x_wconf 74' lang='grc' dir='ltr'>ὴ</span> 
     </span>
     <span class='ocr_line' id='line_1_32' title="bbox 223 2922 1433 2998; baseline 0 -22"><span class='ocrx_word' id='word_1_271' title='bbox 223 2923 423 2997; x_wconf 83' lang='grc' dir='ltr'><em>επιστύμενον,</em></span> <span class='ocrx_word' id='word_1_272' title='bbox 457 2922 474 2996; x_wconf 88' lang='grc' dir='ltr'><em>ἢ</em></span> <span class='ocrx_word' id='word_1_273' title='bbox 505 2929 624 2998; x_wconf 85' lang='grc' dir='ltr'><em>πότερον</em></span> <span class='ocrx_word' id='word_1_274' title='bbox 659 2925 800 2980; x_wconf 78' lang='grc' dir='ltr'><em>ἐπιστά-</em></span> <span class='ocrx_word' id='word_1_275' title='bbox 850 2925 1015 2998; x_wconf 78' lang='grc' dir='ltr'><em>σπείροντάς</em></span> <span class='ocrx_word' id='word_1_276' title='bbox 1038 2945 1073 2996; x_wconf 81' lang='grc' dir='ltr'>γε</span> <span class='ocrx_word' id='word_1_277' title='bbox 1097 2932 1175 2977; x_wconf 81' lang='grc' dir='ltr'><em>σῖτον</em></span> <span class='ocrx_word' id='word_1_278' title='bbox 1193 2923 1327 2996; x_wconf 82' lang='grc' dir='ltr'><em>εύχεσθαι</em></span> <span class='ocrx_word' id='word_1_279' title='bbox 1347 2943 1382 2976; x_wconf 82' lang='grc' dir='ltr'>κα</span> <span class='ocrx_word' id='word_1_280' title='bbox 1401 2922 1433 2976; x_wconf 84' lang='grc' dir='ltr'><em>ὸν</em></span> 
     </span>
     <span class='ocr_line' id='line_1_33' title="bbox 221 2989 1428 3068; baseline -0.001 -23"><span class='ocrx_word' id='word_1_281' title='bbox 221 3012 335 3063; x_wconf 90' lang='grc' dir='ltr'><em>μενον</em></span> <span class='ocrx_word' id='word_1_282' title='bbox 362 2994 545 3068; x_wconf 83' lang='grc' dir='ltr'><em>κυβερνᾶν</em></span> <span class='ocrx_word' id='word_1_283' title='bbox 580 2995 625 3050; x_wconf 79' lang='grc' dir='ltr'>ἐπὶ</span> <span class='ocrx_word' id='word_1_284' title='bbox 653 2991 703 3066; x_wconf 72' lang='grc' dir='ltr'><em>τὴν</em></span> <span class='ocrx_word' id='word_1_285' title='bbox 730 2996 800 3049; x_wconf 81' lang='grc' dir='ltr'><em>ναῦν</em></span> <span class='ocrx_word' id='word_1_286' title='bbox 850 2998 943 3054; x_wconf 79' lang='grc' dir='ltr'><em>αὐτοῖς</em></span> <span class='ocrx_word' id='word_1_287' title='bbox 970 2997 1107 3060; x_wconf 85' lang='grc' dir='ltr'><em>φύεσθαι,</em></span> <span class='ocrx_word' id='word_1_288' title='bbox 1139 2992 1200 3045; x_wconf 79' lang='grc' dir='ltr'><em>οὐδὲ</em></span> <span class='ocrx_word' id='word_1_289' title='bbox 1223 2989 1262 3063; x_wconf 74' lang='grc' dir='ltr'>μὴ</span> <span class='ocrx_word' id='word_1_290' title='bbox 1296 2994 1428 3058; x_wconf 78' lang='grc' dir='ltr'><em>φυλαττο-</em></span> 
     </span>
     <span class='ocr_line' id='line_1_34' title="bbox 222 3059 1431 3135; baseline 0.002 -23"><span class='ocrx_word' id='word_1_291' title='bbox 222 3068 350 3133; x_wconf 83' lang='grc' dir='ltr'><em>νρεῖττον</em></span> <span class='ocrx_word' id='word_1_292' title='bbox 376 3063 470 3132; x_wconf 78' lang='grc' dir='ltr'><em>λαβεῖν</em></span> <span class='ocrx_word' id='word_1_293' title='bbox 493 3059 509 3133; x_wconf 82' lang='grc' dir='ltr'><em>ἢ</em></span> <span class='ocrx_word' id='word_1_294' title='bbox 536 3060 575 3135; x_wconf 79' lang='grc' dir='ltr'>μὴ</span> <span class='ocrx_word' id='word_1_295' title='bbox 603 3061 798 3135; x_wconf 77' lang='grc' dir='ltr'><em>ἐπιστάμενον·</em></span> <span class='ocrx_word' id='word_1_296' title='bbox 849 3065 951 3135; x_wconf 85' lang='grc' dir='ltr'><em>μένους</em></span> <span class='ocrx_word' id='word_1_297' title='bbox 964 3081 998 3130; x_wconf 80' lang='grc' dir='ltr'>γε</span> <span class='ocrx_word' id='word_1_298' title='bbox 1017 3060 1048 3115; x_wconf 78' lang='grc' dir='ltr'><em>ἐν</em></span> <span class='ocrx_word' id='word_1_299' title='bbox 1065 3062 1176 3131; x_wconf 77' lang='grc' dir='ltr'><em>πολέμῳ</em></span> <span class='ocrx_word' id='word_1_300' title='bbox 1194 3064 1330 3133; x_wconf 76' lang='grc' dir='ltr'><em>σωτηρίαν</em></span> <span class='ocrx_word' id='word_1_301' title='bbox 1347 3061 1431 3120; x_wconf 84' lang='grc' dir='ltr'><em>αἰτεῖ-</em></span> 
     </span>
     <span class='ocr_line' id='line_1_35' title="bbox 222 3124 1431 3214; baseline 0.001 -33"><span class='ocrx_word' id='word_1_302' title='bbox 222 3124 401 3198; x_wconf 81' lang='grc' dir='ltr'><em>ἢύέξεστιν</em></span> <span class='ocrx_word' id='word_1_303' title='bbox 420 3126 632 3203; x_wconf 78' lang='grc' dir='ltr'><em>ᾶριθμὴσαντας</em></span> <span class='ocrx_word' id='word_1_304' title='bbox 657 3129 674 3201; x_wconf 85' lang='grc' dir='ltr'><em>ἢ</em></span> <span class='ocrx_word' id='word_1_305' title='bbox 698 3131 800 3204; x_wconf 78' lang='grc' dir='ltr'><em>μετρή·</em></span> <span class='ocrx_word' id='word_1_306' title='bbox 849 3138 926 3184; x_wconf 88' lang='grc' dir='ltr'><em>σθαι·</em></span> <span class='ocrx_word' id='word_1_307' title='bbox 945 3126 1021 3203; x_wconf 85' lang='grc' dir='ltr'><em>παρὰ</em></span> <span class='ocrx_word' id='word_1_308' title='bbox 1046 3126 1102 3214; x_wconf 80' lang='grc' dir='ltr'>γὰρ</span> <span class='ocrx_word' id='word_1_309' title='bbox 1121 3127 1184 3188; x_wconf 80' lang='grc' dir='ltr'><em>τοὺς</em></span> <span class='ocrx_word' id='word_1_310' title='bbox 1206 3129 1259 3181; x_wconf 79' lang='grc' dir='ltr'><em>τῶν</em></span> <span class='ocrx_word' id='word_1_311' title='bbox 1280 3129 1354 3182; x_wconf 83' lang='grc' dir='ltr'><em>θεῶν</em></span> <span class='ocrx_word' id='word_1_312' title='bbox 1380 3137 1431 3182; x_wconf 87' lang='grc' dir='ltr'>θε·</span> 
     </span>
     <span class='ocr_line' id='line_1_36' title="bbox 224 3193 1431 3268; baseline 0 -19"><span class='ocrx_word' id='word_1_313' title='bbox 224 3216 326 3257; x_wconf 91' lang='grc' dir='ltr'><em>σαντας</em></span> <span class='ocrx_word' id='word_1_314' title='bbox 346 3194 362 3268; x_wconf 84' lang='grc' dir='ltr'><em>ἢ</em></span> <span class='ocrx_word' id='word_1_315' title='bbox 381 3200 532 3268; x_wconf 77' lang='grc' dir='ltr'><em>στήσαντας</em></span> <span class='ocrx_word' id='word_1_316' title='bbox 549 3200 662 3253; x_wconf 82' lang='grc' dir='ltr'><em>εἰδέναι.</em></span> <span class='ocrx_word' id='word_1_317' title='bbox 682 3195 747 3257; x_wconf 78' lang='grc' dir='ltr'><em>τούς</em></span> <span class='ocrx_word' id='word_1_318' title='bbox 765 3196 799 3252; x_wconf 85' lang='grc' dir='ltr'>τὰ</span> <span class='ocrx_word' id='word_1_319' title='bbox 849 3218 867 3252; x_wconf 93' lang='grc' dir='ltr'><em>σ</em></span> <span class='ocrx_word' id='word_1_320' title='bbox 887 3196 935 3258; x_wconf 83' lang='grc' dir='ltr'><em>ούς</em></span> <span class='ocrx_word' id='word_1_321' title='bbox 955 3204 1045 3251; x_wconf 83' lang='grc' dir='ltr'><em>πάντα</em></span> <span class='ocrx_word' id='word_1_322' title='bbox 1071 3217 1105 3251; x_wconf 92' lang='grc' dir='ltr'>τα</span> <span class='ocrx_word' id='word_1_323' title='bbox 1123 3197 1236 3250; x_wconf 79' lang='grc' dir='ltr'><em>τοιαῦτα</em></span> <span class='ocrx_word' id='word_1_324' title='bbox 1257 3193 1338 3250; x_wconf 78' lang='grc' dir='ltr'><em>εἶναι·</em></span> <span class='ocrx_word' id='word_1_325' title='bbox 1366 3193 1431 3256; x_wconf 84' lang='grc' dir='ltr'><em>τούς</em></span> 
     </span>
     <span class='ocr_line' id='line_1_37' title="bbox 226 3220 1431 3339; baseline 0.002 -25"><span class='ocrx_word' id='word_1_326' title='bbox 226 3265 341 3318; x_wconf 72' lang='grc' dir='ltr'><em>τοιαῦτα</em></span> <span class='ocrx_word' id='word_1_327' title='bbox 371 3262 446 3336; x_wconf 83' lang='grc' dir='ltr'><em>παρὰ</em></span> <span class='ocrx_word' id='word_1_328' title='bbox 474 3266 528 3319; x_wconf 81' lang='grc' dir='ltr'><em>τῶν</em></span> <span class='ocrx_word' id='word_1_329' title='bbox 555 3266 631 3321; x_wconf 82' lang='grc' dir='ltr'><em>θεῶν</em></span> <span class='ocrx_word' id='word_1_330' title='bbox 656 3274 797 3319; x_wconf 87' lang='grc' dir='ltr'><em>πυνθανο-</em></span> <span class='ocrx_word' id='word_1_331' title='bbox 849 3220 885 3320; x_wconf 63' lang='grc' dir='ltr'>δᾶ</span> <span class='ocrx_word' id='word_1_332' title='bbox 912 3266 1093 3339; x_wconf 75' lang='grc' dir='ltr'><em>ἀθέμιστα</em></span> <span class='ocrx_word' id='word_1_333' title='bbox 1128 3265 1295 3337; x_wconf 81' lang='grc' dir='ltr'><em>εὐχομένους</em></span> <span class='ocrx_word' id='word_1_334' title='bbox 1329 3260 1431 3336; x_wconf 75' lang='grc' dir='ltr'><em>ὁμοίως</em></span> 
     </span>
     <span class='ocr_line' id='line_1_38' title="bbox 209 3330 1428 3405; baseline 0.002 -21"><span class='ocrx_word' id='word_1_335' title='bbox 209 3373 211 3376; x_wconf 48' lang='grc'><em>,</em></span> <span class='ocrx_word' id='word_1_336' title='bbox 219 3333 322 3402; x_wconf 84' lang='grc' dir='ltr'><em>μένους</em></span> <span class='ocrx_word' id='word_1_337' title='bbox 348 3334 532 3404; x_wconf 75' lang='grc' dir='ltr'><em>ἀθέμιστα</em></span> <span class='ocrx_word' id='word_1_338' title='bbox 568 3341 661 3388; x_wconf 85' lang='grc' dir='ltr'><em>ποιεῖν</em></span> <span class='ocrx_word' id='word_1_339' title='bbox 694 3331 798 3405; x_wconf 72' lang='grc' dir='ltr'><em>ἡγεῖτο·</em></span> <span class='ocrx_word' id='word_1_340' title='bbox 850 3335 960 3405; x_wconf 79' lang='grc' dir='ltr'><em>ἔφησθα</em></span> <span class='ocrx_word' id='word_1_341' title='bbox 980 3330 1053 3394; x_wconf 82' lang='grc' dir='ltr'><em>εἰκὸς</em></span> <span class='ocrx_word' id='word_1_342' title='bbox 1078 3331 1152 3387; x_wconf 81' lang='grc' dir='ltr'><em>εἶναι</em></span> <span class='ocrx_word' id='word_1_343' title='bbox 1176 3332 1252 3405; x_wconf 84' lang='grc' dir='ltr'><em>παρὰ</em></span> <span class='ocrx_word' id='word_1_344' title='bbox 1270 3333 1347 3385; x_wconf 84' lang='grc' dir='ltr'><em>θεῶν</em></span> <span class='ocrx_word' id='word_1_345' title='bbox 1366 3336 1428 3387; x_wconf 78' lang='lat' dir='ltr'>dcu-</span> 
     </span>
     <span class='ocr_line' id='line_1_39' title="bbox 221 3397 1428 3476; baseline 0.002 -24"><span class='ocrx_word' id='word_1_346' title='bbox 221 3400 273 3470; x_wconf 81' lang='grc' dir='ltr'>ἔφη</span> <span class='ocrx_word' id='word_1_347' title='bbox 293 3400 323 3452; x_wconf 81' lang='grc' dir='ltr'>δὲ</span> <span class='ocrx_word' id='word_1_348' title='bbox 341 3402 415 3465; x_wconf 81' lang='grc' dir='ltr'><em>δεῖν,</em></span> <span class='ocrx_word' id='word_1_349' title='bbox 436 3397 453 3452; x_wconf 85' lang='grc' dir='ltr'><em>ᾶ</em></span> <span class='ocrx_word' id='word_1_350' title='bbox 471 3402 525 3473; x_wconf 81' lang='grc' dir='ltr'><em>μὲν</em></span> <span class='ocrx_word' id='word_1_351' title='bbox 541 3408 688 3475; x_wconf 88' lang='grc' dir='ltr'><em>μαθόντας</em></span> <span class='ocrx_word' id='word_1_352' title='bbox 705 3411 800 3456; x_wconf 86' lang='grc' dir='ltr'><em>ποιεῖν</em></span> <span class='ocrx_word' id='word_1_353' title='bbox 845 3411 908 3476; x_wconf 82' lang='grc' dir='ltr'><em>χεῖν</em></span> <span class='ocrx_word' id='word_1_354' title='bbox 921 3399 1012 3476; x_wconf 80' lang='grc' dir='ltr'><em>ὥσπερ</em></span> <span class='ocrx_word' id='word_1_355' title='bbox 1027 3404 1075 3456; x_wconf 83' lang='grc' dir='ltr'>καὶ</span> <span class='ocrx_word' id='word_1_356' title='bbox 1085 3398 1161 3475; x_wconf 83' lang='grc' dir='ltr'><em>παρὰ</em></span> <span class='ocrx_word' id='word_1_357' title='bbox 1176 3398 1331 3472; x_wconf 69' lang='grc' dir='ltr'><em>ἀνθρώπων</em></span> <span class='ocrx_word' id='word_1_358' title='bbox 1342 3400 1428 3474; x_wconf 82' lang='grc' dir='ltr'><em>οἱπρα-</em></span> 
     </span>
     <span class='ocr_line' id='line_1_40' title="bbox 220 3466 1352 3544; baseline 0.001 -24"><span class='ocrx_word' id='word_1_359' title='bbox 220 3467 326 3521; x_wconf 79' lang='grc' dir='ltr'><em>ἔδωκαν</em></span> <span class='ocrx_word' id='word_1_360' title='bbox 346 3471 372 3522; x_wconf 82' lang='grc' dir='ltr'>οἱ</span> <span class='ocrx_word' id='word_1_361' title='bbox 398 3471 463 3523; x_wconf 82' lang='grc' dir='ltr'><em>θεοὶ</em></span> <span class='ocrx_word' id='word_1_362' title='bbox 480 3475 649 3541; x_wconf 82' lang='grc' dir='ltr'><em>μανθάνειν,</em></span> <span class='ocrx_word' id='word_1_363' title='bbox 678 3466 743 3524; x_wconf 70' lang='lat' dir='ltr'>dds</span> <span class='ocrx_word' id='word_1_364' title='bbox 757 3468 797 3543; x_wconf 82' lang='grc' dir='ltr'>μὴ</span> <span class='ocrx_word' id='word_1_365' title='bbox 849 3480 927 3526; x_wconf 86' lang='grc' dir='ltr'><em>κτεῖν</em></span> <span class='ocrx_word' id='word_1_366' title='bbox 944 3469 1008 3532; x_wconf 83' lang='grc' dir='ltr'><em>τούς</em></span> <span class='ocrx_word' id='word_1_367' title='bbox 1026 3470 1176 3544; x_wconf 80' lang='grc' dir='ltr'><em>παράνομα</em></span> <span class='ocrx_word' id='word_1_368' title='bbox 1195 3469 1352 3539; x_wconf 82' lang='grc' dir='ltr'><em>δεομένους.</em></span> 
     </span>
     <span class='ocr_line' id='line_1_41' title="bbox 220 3533 798 3612; baseline 0.007 -24"><span class='ocrx_word' id='word_1_369' title='bbox 220 3535 288 3606; x_wconf 79' lang='grc' dir='ltr'><em>δῆλα</em></span> <span class='ocrx_word' id='word_1_370' title='bbox 312 3544 370 3597; x_wconf 86' lang='grc' dir='ltr'><em>τοῖς</em></span> <span class='ocrx_word' id='word_1_371' title='bbox 389 3533 549 3611; x_wconf 79' lang='grc' dir='ltr'><em>δνθρώποις</em></span> <span class='ocrx_word' id='word_1_372' title='bbox 568 3538 625 3594; x_wconf 80' lang='grc' dir='ltr'><em>ἐστὶ</em></span> <span class='ocrx_word' id='word_1_373' title='bbox 642 3539 798 3612; x_wconf 84' lang='grc' dir='ltr'><em>πειρᾶσθαι</em></span> 
     </span>
     <span class='ocr_line' id='line_1_42' title="bbox 220 3601 798 3680; baseline 0.01 -25"><span class='ocrx_word' id='word_1_374' title='bbox 220 3601 266 3657; x_wconf 78' lang='grc' dir='ltr'><em>διὰ</em></span> <span class='ocrx_word' id='word_1_375' title='bbox 292 3606 431 3677; x_wconf 77' lang='grc' dir='ltr'><em>μαντικῆς</em></span> <span class='ocrx_word' id='word_1_376' title='bbox 452 3603 528 3680; x_wconf 74' lang='grc' dir='ltr'><em>παρὰ</em></span> <span class='ocrx_word' id='word_1_377' title='bbox 553 3608 607 3662; x_wconf 83' lang='grc' dir='ltr'><em>τιῖν</em></span> <span class='ocrx_word' id='word_1_378' title='bbox 637 3607 714 3661; x_wconf 76' lang='grc' dir='ltr'><em>θεῶν</em></span> <span class='ocrx_word' id='word_1_379' title='bbox 730 3627 798 3661; x_wconf 87' lang='grc' dir='ltr'><em>πυν-</em></span> 
     </span>
     <span class='ocr_line' id='line_1_43' title="bbox 219 3674 368 3727; baseline 0.027 -4"><span class='ocrx_word' id='word_1_380' title='bbox 219 3674 368 3727; x_wconf 85' lang='grc' dir='ltr'><em>θύνεσθαι.</em></span> 
     </span>
    </p>
   </div>
   <div class='ocr_carea' id='block_1_7' title="bbox 216 3811 1429 4294">
    <p class='ocr_par' dir='ltr' id='par_1_7' title="bbox 216 3811 1429 4294">
     <span class='ocr_line' id='line_1_44' title="bbox 287 3811 1429 3887; baseline 0.001 -20"><span class='ocrx_word' id='word_1_381' title='bbox 287 3815 313 3881; x_wconf 91' lang='grc'>1)</span> <span class='ocrx_word' id='word_1_382' title='bbox 332 3815 465 3869; x_wconf 87' lang='lat' dir='ltr'>Maiorem</span> <span class='ocrx_word' id='word_1_383' title='bbox 503 3816 687 3871; x_wconf 86' lang='lat' dir='ltr'>robabilitatis</span> <span class='ocrx_word' id='word_1_384' title='bbox 711 3817 827 3887; x_wconf 88' lang='lat' dir='ltr'>speciem</span> <span class='ocrx_word' id='word_1_385' title='bbox 853 3818 1053 3886; x_wconf 87' lang='lat' dir='ltr'>praeseferre</span> <span class='ocrx_word' id='word_1_386' title='bbox 1072 3814 1199 3868; x_wconf 87' lang='lat' dir='ltr'>videntur</span> <span class='ocrx_word' id='word_1_387' title='bbox 1224 3811 1429 3870; x_wconf 82' lang='lat' dir='ltr'>observationes</span> 
     </span>
     <span class='ocr_line' id='line_1_45' title="bbox 217 3834 1429 3962; baseline 0.004 -29"><span class='ocrx_word' id='word_1_388' title='bbox 217 3880 247 3934; x_wconf 89' lang='lat' dir='ltr'>in</span> <span class='ocrx_word' id='word_1_389' title='bbox 256 3882 448 3952; x_wconf 86' lang='lat' dir='ltr'>Xenophontis</span> <span class='ocrx_word' id='word_1_390' title='bbox 462 3834 552 3949; x_wconf 69' lang='lat' dir='ltr'>uiros,</span> <span class='ocrx_word' id='word_1_391' title='bbox 571 3904 639 3953; x_wconf 91' lang='lat' dir='ltr'>quas</span> <span class='ocrx_word' id='word_1_392' title='bbox 651 3887 831 3939; x_wconf 89' lang='lat' dir='ltr'>instituerunt</span> <span class='ocrx_word' id='word_1_393' title='bbox 840 3885 961 3939; x_wconf 79' lang='lat' dir='ltr'>Stahlius</span> <span class='ocrx_word' id='word_1_394' title='bbox 979 3885 1017 3962; x_wconf 61' lang='lat' dir='ltr'>in⁸</span> <span class='ocrx_word' id='word_1_395' title='bbox 1027 3882 1172 3937; x_wconf 86' lang='lat' dir='ltr'>annalibus</span> <span class='ocrx_word' id='word_1_396' title='bbox 1190 3898 1271 3958; x_wconf 82' lang='lat' dir='ltr'>supra</span> <span class='ocrx_word' id='word_1_397' title='bbox 1289 3881 1381 3935; x_wconf 86' lang='lat' dir='ltr'>citatis</span> <span class='ocrx_word' id='word_1_398' title='bbox 1400 3887 1429 3938; x_wconf 89' lang='lat' dir='ltr'>et</span> 
     </span>
     <span class='ocr_line' id='line_1_46' title="bbox 218 3949 1427 4022; baseline 0.002 -19"><span class='ocrx_word' id='word_1_399' title='bbox 218 3950 349 4004; x_wconf 88' lang='lat' dir='ltr'>Weberus</span> <span class='ocrx_word' id='word_1_400' title='bbox 368 3951 397 4005; x_wconf 90' lang='lat' dir='ltr'>in</span> <span class='ocrx_word' id='word_1_401' title='bbox 418 3952 611 4020; x_wconf 78' lang='lat' dir='ltr'>disputatione,</span> <span class='ocrx_word' id='word_1_402' title='bbox 630 3954 673 4007; x_wconf 91' lang='lat' dir='ltr'>cui</span> <span class='ocrx_word' id='word_1_403' title='bbox 693 3953 843 4022; x_wconf 88' lang='lat' dir='ltr'>inscripsit:</span> <span class='ocrx_word' id='word_1_404' title='bbox 862 3955 914 4006; x_wconf 87' lang='lat' dir='ltr'>Zur</span> <span class='ocrx_word' id='word_1_405' title='bbox 927 3949 1289 4018; x_wconf 82' lang='lat' dir='ltr'>Entwrclrlungsgeschrchte</span> <span class='ocrx_word' id='word_1_406' title='bbox 1308 3951 1357 4004; x_wconf 90' lang='lat' dir='ltr'>der</span> <span class='ocrx_word' id='word_1_407' title='bbox 1372 3952 1427 4005; x_wconf 84' lang='lat' dir='ltr'>nb-</span> 
     </span>
     <span class='ocr_line' id='line_1_47' title="bbox 217 4018 1427 4090; baseline 0.002 -20"><span class='ocrx_word' id='word_1_408' title='bbox 217 4018 381 4073; x_wconf 74' lang='lat' dir='ltr'>siohtssdtze.</span> <span class='ocrx_word' id='word_1_409' title='bbox 414 4021 540 4090; x_wconf 75' lang='lat' dir='ltr'>lleitrltge</span> <span class='ocrx_word' id='word_1_410' title='bbox 558 4039 604 4073; x_wconf 83' lang='lat' dir='ltr'>zur</span> <span class='ocrx_word' id='word_1_411' title='bbox 622 4021 716 4076; x_wconf 85' lang='lat' dir='ltr'>histor.</span> <span class='ocrx_word' id='word_1_412' title='bbox 736 4021 842 4088; x_wconf 84' lang='lat' dir='ltr'>Syntax</span> <span class='ocrx_word' id='word_1_413' title='bbox 862 4020 911 4073; x_wconf 89' lang='lat' dir='ltr'>der</span> <span class='ocrx_word' id='word_1_414' title='bbox 930 4020 1032 4087; x_wconf 84' lang='lat' dir='ltr'>griech.</span> <span class='ocrx_word' id='word_1_415' title='bbox 1052 4020 1173 4088; x_wconf 85' lang='lat' dir='ltr'>Spraohe</span> <span class='ocrx_word' id='word_1_416' title='bbox 1198 4018 1244 4070; x_wconf 90' lang='lat' dir='ltr'>Bd.</span> <span class='ocrx_word' id='word_1_417' title='bbox 1265 4019 1300 4070; x_wconf 89' lang='grc' dir='ltr'>ΙΙ.</span> <span class='ocrx_word' id='word_1_418' title='bbox 1326 4020 1427 4073; x_wconf 79' lang='lat' dir='ltr'>Hefta</span> 
     </span>
     <span class='ocr_line' id='line_1_48' title="bbox 218 4087 1427 4157; baseline 0.002 -19"><span class='ocrx_word' id='word_1_419' title='bbox 218 4087 252 4141; x_wconf 88' lang='lat' dir='ltr'>de</span> <span class='ocrx_word' id='word_1_420' title='bbox 271 4088 410 4156; x_wconf 87' lang='lat' dir='ltr'>scriptoris</span> <span class='ocrx_word' id='word_1_421' title='bbox 428 4091 546 4156; x_wconf 82' lang='lat' dir='ltr'>syntaxi.</span> <span class='ocrx_word' id='word_1_422' title='bbox 583 4091 657 4153; x_wconf 83' lang='lat' dir='ltr'>Quae</span> <span class='ocrx_word' id='word_1_423' title='bbox 670 4090 872 4144; x_wconf 85' lang='lat' dir='ltr'>observationes</span> <span class='ocrx_word' id='word_1_424' title='bbox 889 4107 1056 4157; x_wconf 88' lang='lat' dir='ltr'>quamquam</span> <span class='ocrx_word' id='word_1_425' title='bbox 1077 4090 1149 4142; x_wconf 83' lang='lat' dir='ltr'>soloe</span> <span class='ocrx_word' id='word_1_426' title='bbox 1167 4087 1201 4140; x_wconf 84' lang='lat' dir='ltr'>ad</span> <span class='ocrx_word' id='word_1_427' title='bbox 1220 4087 1427 4154; x_wconf 81' lang='lat' dir='ltr'>chronologiam</span> 
     </span>
     <span class='ocr_line' id='line_1_49' title="bbox 216 4155 1427 4226; baseline 0.002 -18"><span class='ocrx_word' id='word_1_428' title='bbox 216 4156 436 4210; x_wconf 84' lang='lat' dir='ltr'>constituendam</span> <span class='ocrx_word' id='word_1_429' title='bbox 463 4176 518 4212; x_wconf 87' lang='lat' dir='ltr'>non</span> <span class='ocrx_word' id='word_1_430' title='bbox 544 4158 699 4226; x_wconf 84' lang='lat' dir='ltr'>sufficiunt,</span> <span class='ocrx_word' id='word_1_431' title='bbox 730 4162 824 4210; x_wconf 88' lang='lat' dir='ltr'>tamen</span> <span class='ocrx_word' id='word_1_432' title='bbox 851 4156 968 4226; x_wconf 90' lang='lat' dir='ltr'>tempori</span> <span class='ocrx_word' id='word_1_433' title='bbox 996 4156 1084 4226; x_wconf 90' lang='lat' dir='ltr'>operis</span> <span class='ocrx_word' id='word_1_434' title='bbox 1108 4156 1245 4210; x_wconf 87' lang='lat' dir='ltr'>cuiusdam</span> <span class='ocrx_word' id='word_1_435' title='bbox 1272 4155 1427 4210; x_wconf 87' lang='lat' dir='ltr'>definiendo</span> 
     </span>
     <span class='ocr_line' id='line_1_50' title="bbox 216 4224 488 4294; baseline 0.007 -18"><span class='ocrx_word' id='word_1_436' title='bbox 216 4224 277 4277; x_wconf 92' lang='lat' dir='ltr'>usui</span> <span class='ocrx_word' id='word_1_437' title='bbox 295 4241 350 4278; x_wconf 85' lang='lat' dir='ltr'>esse</span> <span class='ocrx_word' id='word_1_438' title='bbox 368 4228 488 4294; x_wconf 84' lang='lat' dir='ltr'>possunt.</span> 
     </span>
    </p>
   </div>
   <div class='ocr_carea' id='block_1_8' title="bbox 282 4307 786 4378">
    <p class='ocr_par' dir='ltr' id='par_1_8' title="bbox 282 4307 786 4378">
     <span class='ocr_line' id='line_1_51' title="bbox 282 4307 786 4378; baseline 0.004 -20"><span class='ocrx_word' id='word_1_439' title='bbox 282 4307 309 4372; x_wconf 81' lang='lat'>2)</span> <span class='ocrx_word' id='word_1_440' title='bbox 329 4307 361 4361; x_wconf 88' lang='lat' dir='ltr'>ln</span> <span class='ocrx_word' id='word_1_441' title='bbox 381 4308 497 4364; x_wconf 86' lang='lat' dir='ltr'>Hermae</span> <span class='ocrx_word' id='word_1_442' title='bbox 514 4313 582 4363; x_wconf 90' lang='lat' dir='ltr'>tom.</span> <span class='ocrx_word' id='word_1_443' title='bbox 600 4309 641 4373; x_wconf 74' lang='lat'>25,</span> <span class='ocrx_word' id='word_1_444' title='bbox 661 4327 707 4378; x_wconf 80' lang='lat' dir='ltr'>pg.</span> <span class='ocrx_word' id='word_1_445' title='bbox 727 4307 786 4361; x_wconf 88' lang='lat'>181.</span> 
     </span>
    </p>
   </div>
   <div class='ocr_carea' id='block_1_9' title="bbox 0 0 1486 4980">
    <p class='ocr_par' dir='ltr' id='par_1_9' title="bbox 0 0 1486 4980">
     <span class='ocr_line' id='line_1_52' title="bbox 0 0 1486 4980; baseline 0 2"><span class='ocrx_word' id='word_1_446' title='bbox 0 0 1486 4980; x_wconf 95' lang='lat' dir='ltr'> </span> 
     </span>
    </p>
   </div>
  </div>
 </body>
</html>
