2964 4980
791 272 835 358 'eo

115 541 119 547 ,
214 475 275 538 iouh
297 473 372 537 olibi
394 473 463 538 fuse
486 476 668 556 copioseque
691 477 829 535 tractato
857 491 905 535 me
926 472 1039 550 legisse
1063 476 1184 551 reputo,
1212 487 1275 532 nom
1305 485 1422 548 possum

215 575 275 620 uon
300 556 450 636 suspicari
481 562 583 622 totum
615 560 709 634 eaput
738 555 834 617 invito
856 555 1063 635 Xenophonte
1085 550 1342 618 Memorabilibus
1365 569 1424 614 osse

214 640 393 702 insertum«.
450 640 491 701 At
523 639 728 704 resuscitatur
759 655 843 699 mens
877 645 987 701 nostra
1020 637 1059 700 ad
1092 637 1165 716 Cyri
1199 634 1422 697 institutionem

215 721 468 800 comparandam.

395 835 425 888 in
445 834 509 902 Gyri
527 834 614 888 instit.
1036 831 1065 884 in
1084 831 1239 885 comment.

441 921 462 984 I,
481 921 507 988 3,
530 920 569 974 18.
1064 916 1112 984 l'V,
1129 920 1155 985 o,
1175 917 1216 969 12.

249 1047 325 1060 .....
345 992 426 1065 οὗτος
440 1000 562 1077 μὲνγὰρ
579 1004 634 1057 τοῖν
650 1002 799 1074 ἕνΜήδοις
882 1006 1024 1074 βασιλείαν
1049 1001 1079 1055 δὲ
1103 1004 1149 1054 καί
1168 1001 1322 1073 τυραννίδα
1349 994 1427 1072 αρχὰς

215 1078 327 1128 πάντων
353 1070 454 1128 ἑαυτὸν
479 1073 617 1143 δεσπότην
635 1076 798 1142 πεποίηκεν,
847 1073 901 1145 μὲν
920 1070 938 1124 ὰ
960 1072 1080 1144 φοτέρας
1099 1067 1194 1140 ἡγεῖτο
1220 1067 1312 1134 εἶναι,
1339 1067 1427 1136 διαφί-

216 1142 248 1197 ἐν
263 1145 384 1216 Πέρσαις
408 1142 438 1195 δὲ
462 1138 493 1195 τὸ
510 1144 572 1195 ἴσον
592 1142 668 1213 ἔχειν
692 1144 799 1194 δίκαιον
848 1162 911 1214 ρειν
941 1138 1090 1212 ὲὰλλήλων
1105 1137 1225 1210 ἐνόμιζε·
1242 1134 1362 1211 τὴνμὲν
1378 1133 1428 1226 γὰρ

219 1216 370 1284 νομίζεται,
397 1214 445 1265 καὶ
470 1206 484 1264 o‘
510 1208 556 1270 σὸς
573 1206 664 1282 πατὴρ
691 1209 799 1283 πρῶτος
852 1209 972 1265 ἑκόντων
990 1229 1020 1263 τε
1040 1208 1095 1262 τοῖν
1119 1205 1278 1280 ἀνθρώπων
1298 1208 1347 1260 καί
1364 1225 1428 1259 κατα

218 1277 251 1333 τὰ
271 1282 430 1366 τεταγμένα
448 1279 503 1352 μὲν
515 1286 595 1333 ποιεῖ
611 1280 645 1354 τῇ
658 1277 746 1343 πόλει,
767 1275 800 1332 τὰ
851 1284 953 1351 νόμους
979 1279 1033 1339 τῶν
1060 1280 1164 1332 πόλεων
1184 1272 1274 1350 α’ρχὴν
1291 1277 1430 1346 βασιλείαν

219 1369 378 1421 τεταγμενα
403 1349 433 1402 δὲ
463 1351 612 1420 λαμβάνει,
641 1348 748 1433 μέτρον
772 1347 801 1400 δὲ
853 1345 961 1421 ἡγεῖτο,
988 1343 1039 1418 τὴν
1067 1345 1097 1399 di
1122 1348 1246 1399 ἀκόντων
1271 1365 1303 1398 τι
1330 1341 1428 1416 καὶμὴ

218 1415 292 1491 αίτῷ
311 1417 360 1490 οὐχ
380 1416 395 1489 ἦ
415 1421 498 1489 ψυχή,
514 1413 573 1470 ἄλλ’
589 1411 700 1489 ὅνομος
719 1414 801 1470 ἐστίν.
851 1413 921 1471 κατὰ
950 1415 1067 1488 νόμους,
1102 1410 1160 1467 ‹itt’
1194 1409 1268 1474 ὅπως
1302 1409 1317 1466 ὅ
1346 1411 1431 1488 ἅρχων

218 1483 290 1547 ὅπως
309 1477 358 1541 οἶν
382 1483 421 1559 μὴ
449 1488 550 1555 ἀπολεῖ
565 1488 801 1558 μαστιγούμενος,
851 1485 986 1557 βούλοιτο,
1006 1483 1163 1553 τυραννίδα.

217 1552 335 1610 ἐπειδὰν
361 1558 433 1609 οἴκοι
464 1553 504 1630 ᾗς,
532 1552 569 1607 ἄν
600 1550 676 1628 παρὰ
704 1553 803 1608 τούτου

217 1620 321 1697 μαθὼν
347 1621 416 1700 ἥκῃς
442 1620 504 1677 οἷντί
529 1623 578 1676 τοῦ
602 1623 747 1693 βασιλικοῦ
773 1620 802 1676 τὸ

221 1692 403 1765 τυραννικόν,
430 1680 499 1765 ἐνῷ
525 1690 583 1745 ἐστι
602 1688 632 1744 τὸ
651 1694 749 1745 πλεῖον
766 1693 804 1745 οἰ’-

220 1770 304 1816 εσθαι
319 1763 423 1836 χρῆναι
442 1759 554 1815 πάντων
573 1761 656 1833 ipsiu.

301 1875 365 1935 lam
388 1891 450 1936 non
473 1877 521 1936 est
543 1890 599 1935 eur
621 1872 719 1936 invito
740 1872 946 1953 Xenophonte
969 1876 1063 1952 eaput
1078 1868 1156 1934 illud
1177 1869 1433 1935 Memorabilibus

219 1971 289 2017 esse
311 1955 461 2018 insertum
486 1955 657 2032 credamus,
681 1956 774 2019 immo
797 1974 870 2019 vero
893 1955 1063 2034 Xenophon
1086 1954 1152 2033 ipse
1174 1953 1309 2017 inseruit
1334 1959 1433 2033 eaput,

219 2053 283 2117 qua
306 2037 343 2100 de
365 2043 530 2116 repostos
552 2055 690 2115 agemus

302 2166 465 2229 Postremo
488 2185 645 2246 compares
669 2184 786 2246 quaeso
809 2166 864 2229 hos
888 2167 989 2230 loeos:

401 2271 431 2324 in
449 2271 515 2340 (lyri
532 2271 620 2325 instit.
1041 2271 1071 2323 in
1089 2270 1242 2324 Oommsnt.

446 2358 467 2422 I,
486 2359 510 2420 6,
532 2358 572 2412 23.
1072 2356 1118 2425 IV,
1135 2357 1159 2418 7,
1176 2355 1214 2408 lo.

256 2439 305 2496 ὅσα
333 2442 363 2496 δὲ
394 2439 555 2516 ἀνθρώποις
589 2439 653 2494 οίίτε
685 2438 802 2514 μαθητὰ
888 2443 913 2496 εἰ
931 2443 962 2496 δέ
986 2462 1029 2502 τις
1052 2441 1159 2514 μᾶλλον
1184 2437 1201 2513 ἢ
1227 2445 1299 2496 κατὰ
1316 2438 1369 2514 τὴν
1389 2438 1436 2494 οἷν-

221 2511 286 2568 olive
312 2508 455 2585 προορατὰ
485 2508 649 2584 οἷνθρωπίνῃ
676 2515 802 2583 προνοίᾳ,
853 2515 999 2584 θρωπίνρν
1033 2513 1134 2577 σοφίαν
1168 2506 1343 2578 ὠφελεῖσθαι
1376 2507 1435 2580 βοί-

222 2577 268 2635 did
286 2580 426 2653 μαντικῆς
445 2577 480 2633 ἂν
504 2574 579 2652 παρὰ
600 2577 676 2631 θεῶν
694 2586 801 2632 πονθα-
852 2582 943 2645 λοιτο,
969 2578 1150 2648 συνεβούλευε
1174 2579 1314 2651 μαντικῆς
1341 2576 1435 2652 ἐπιμε·

222 2649 341 2723 νόμενος
359 2646 570 2724 φρονιμώτερος
588 2644 677 2700 ἄλλων
696 2648 762 2718 εἴης.
852 2651 971 2703 isiodori.

303 2767 387 2831 Setis
399 2767 508 2846 gravia
519 2785 587 2829 meo
600 2783 666 2830 esse
680 2773 863 2845 argumente
877 2773 966 2848 pute,
985 2768 1051 2849 qui
1061 2769 1132 2830 bus
1150 2765 1437 2846 Xenophontis

221 2847 1438 2931 CyropoediampostCommentariorumlibrosletlLonte

222 2930 1316 3010 Commentariorumllllethessescriptamelueeat.
1347 2930 1438 2993 luvet

220 3014 317 3094 igitur
338 3014 518 3094 disquirere,
541 3015 700 3095 quondo
724 3013 978 3093 Cyropaedio
1001 3014 1229 3093 composita
1250 3012 1312 3074 sit.

299 3095 370 3177 Cyri
385 3097 613 3160 institutionem
630 3100 666 3159 ut
679 3096 814 3175 amplum
829 3114 905 3174 opus
921 3097 1004 3158 intra
1022 3095 1115 3158 breve
1130 3095 1266 3175 spatium
1285 3094 1438 3174 temporis

222 3186 323 3243 ortum
341 3197 400 3242 non
420 3195 488 3240 esse
506 3195 594 3240 uerno
609 3176 725 3240 infitias
738 3176 803 3240 ibit.
827 3177 921 3240 Nulla
939 3196 1013 3239 vero
1029 3178 1182 3241 dubitatio
1193 3175 1438 3256 relinqueretur,

221 3263 295 3341 quin
320 3266 462 3322 extremo
483 3258 701 3338 Xenophontis
732 3265 836 3322 aetate
859 3259 998 3322 confecta
1023 3267 1114 3339 esset,
1139 3259 1164 3322 si
1187 3258 1224 3321 de
1247 3258 1439 3321 auctoritate

223 3343 353 3406 extremi
386 3341 511 3421 eapitis,
543 3340 625 3420 quod
651 3339 859 3420 Cyropoedioe
890 3341 1042 3421 epilogum
1071 3360 1182 3405 vocare
1212 3342 1439 3415 consuevimus

222 3426 302 3489 iuter
317 3441 424 3487 omnes
440 3428 611 3486 constaret.
656 3425 797 3503 Apparet
812 3424 892 3486 enim
915 3443 932 3486 e
948 3425 1040 3487 certis
1063 3425 1166 3488 causis
1181 3422 1213 3485 id
1230 3429 1303 3484 onte
1322 3440 1437 3486 annum

222 3509 282 3571 364
315 3505 408 3569 seribi
441 3523 502 3568 non
537 3506 723 3585 potuissem
767 3505 828 3568 Sed
864 3507 951 3569 mrdti
984 3507 1040 3568 viri
1074 3506 1157 3569 docti
1180 3502 1439 3568 Valckenaerium

222 3588 320 3653 secuti
350 3588 503 3668 epilogum
536 3586 735 3667 Xenophonti
768 3588 1003 3666 abiudioamnt,
1041 3588 1123 3668 quod
1157 3604 1249 3668 quom
1283 3587 1440 3650 immerito

223 3671 378 3747 iecissent,
409 3679 447 3732 ut
468 3669 540 3732 rnihi
564 3669 686 3748 quidem
711 3668 853 3748 videtur,
884 3671 1109 3733 demonstravit
1133 3669 1354 3749 Roquettiusl)
1385 3686 1442 3732 neo

223 3772 285 3817 non
299 3752 537 3827 hirimanum).
581 3753 689 3832 ltaque
711 3769 771 3813 non
796 3751 912 3831 dubito,
936 3754 1009 3832 quin
1033 3752 1173 3832 epilogus
1196 3770 1213 3814 s
1232 3750 1442 3830 Xenophonte

224 3853 319 3915 opera
342 3851 399 3897 sua
431 3839 623 3898 retractante
633 3835 659 3911 4)
692 3840 764 3913 post
791 3851 906 3897 omnum
932 3839 990 3898 364
1016 3835 1054 3898 od
1086 3832 1297 3915 Cyropaediae
1326 3849 1441 3912 eorpus

291 4047 474 4116 metodorus
497 4047 526 4099 in
552 4047 570 4101 l.
588 4049 639 4100 XV
667 4064 688 4101 o.
706 4046 739 4099 92
757 4047 924 4101 Rheomitris
949 4047 1055 4101 facinus
1078 4046 1107 4098 in
1131 4047 1238 4116 epilogo
1257 4051 1442 4103 memoratum

228 4117 333 4172 ultimis
352 4115 526 4180 Artaxerxis,
546 4117 593 4184 qui
613 4133 685 4170 enno
704 4117 754 4169 362
772 4120 896 4170 mortuus
913 4120 962 4179 est,
981 4117 1061 4169 annis
1076 4116 1180 4171 factum
1198 4135 1254 4174 esse
1271 4117 1443 4187 comprobet.

293 4188 320 4247 ‘ll
341 4186 381 4239 De
399 4184 523 4252 Xenoph.
543 4185 601 4238 vita
619 4190 647 4238 et
665 4185 773 4254 seriptis
792 4204 838 4254 pg.
854 4185 887 4237 87
906 4204 963 4253 sqq.

291 4256 307 4309 3
340 4256 373 4309 ln
394 4253 463 4307 unm.
480 4254 606 4323 Xenoph.
624 4271 687 4307 nov.
726 4271 752 4322 g.
772 4255 806 4306 92
824 4272 882 4321 sqq.

289 4324 307 4377 4
337 4323 469 4377 Conferas
487 4340 595 4391 quaeso,
614 4340 684 4391 quoe
703 4273 736 4376 oie
755 4322 807 4377 heo
825 4340 854 4377 re
872 4326 967 4391 postea
984 4321 1122 4376 disseram.
