2964 4980
656 323 693 380 17

139 497 280 576 Agedum
314 496 512 574 inspiciamus
546 503 711 575 utrumque
742 496 852 560 locum.
898 495 933 558 ln
967 495 1041 576 Cyri
1076 496 1274 560 institutione

54 580 179 643 silentio
201 597 262 643 non
286 584 439 657 praeterit
460 581 603 657 scriptor,
627 595 720 657 quam
743 580 947 659 periculosum
970 578 1037 642 fieri
1059 580 1160 658 possit
1182 597 1273 658 prac-

54 669 180 741 ceptum
203 660 279 724 illud
303 678 322 721 a
343 677 508 738 puerorum
532 661 683 738 magistro
708 659 816 723 datum
840 660 889 739 (cl.
902 661 922 738 l,
934 665 962 736 6,
975 663 1046 740 33);
1069 666 1135 724 tum
1151 661 1274 724 demum

54 745 235 806 eximuntur
257 750 354 820 atque
376 742 551 804 evelluntur
574 760 679 804 omnes
701 742 849 822 scrupuli,
872 761 940 806 cum
959 742 1179 806 adulescentes
1196 743 1273 806 facti

54 833 130 888 suut
150 825 239 905 pueri
254 824 329 903 (ld,
348 823 409 904 34).
453 823 536 886 Nulli
559 842 631 886 vero
653 825 791 904 scrupuli
814 825 921 887 eadem
945 825 982 886 de
1005 842 1041 887 re
1062 825 1092 886 in
1111 825 1274 888 Commen-

56 908 164 987 tariiS,
198 906 284 970 nulla
316 905 484 984 dubitatio,
516 905 601 968 nulla
623 905 803 970 haesitatio!
850 906 1015 970 Sedenim
1044 906 1102 969 hoc
1124 907 1198 969 inde
1221 926 1274 970 ex-

54 990 167 1068 plicari
191 990 306 1068 possit,
340 987 422 1066 quod
447 986 590 1050 Socrates
612 1007 672 1050 non
696 987 735 1050 ad
759 1006 888 1068 puerum
911 988 1006 1052 verba
1034 988 1124 1066 lacit,
1155 989 1210 1051 sed
1234 989 1272 1051 ad

56 1069 299 1150 Euthydemum.
331 1070 549 1132 Verumtamen
567 1071 792 1134 sententiarum
807 1071 1047 1150 discrepantiam
1065 1069 1127 1133 alia
1148 1088 1273 1152 quoque

54 1154 182 1215 ratione
218 1152 385 1232 explanare
424 1150 537 1214 licebit.
596 1152 725 1214 Videtur
763 1153 880 1216 scilicet
916 1158 1053 1216 mutasse
1086 1155 1274 1215 seutentiam

54 1233 232 1314 Xenophon
256 1235 265 1296 i
289 1251 331 1297 se.
376 1235 410 1295 ln
443 1233 639 1312 Cyropaedia
670 1235 766 1308 enim,
796 1233 848 1297 ubi
877 1242 1079 1315 praeceptum
1108 1233 1186 1297 illud
1217 1234 1273 1296 viri

54 1316 221 1379 cuiusdam
234 1334 251 1378 e
266 1253 403 1378 locratis
415 1314 578 1395 disciplina
590 1316 721 1395 proiecti
736 1317 765 1377 in
780 1316 889 1394 vulgus
905 1321 953 1379 est
964 1317 1091 1393 editum,
1103 1315 1275 1395 Xenophon

54 1400 80 1461 ei
103 1397 302 1462 contradicit.
333 1397 445 1460 Postea
464 1405 569 1459 autern
589 1398 619 1460 iu
642 1397 770 1461 Memor.
794 1398 810 1460 l.
824 1399 862 1461 lV
881 1398 923 1461 illi
943 1397 1089 1460 assentiri
1107 1395 1275 1477 videtur1).

137 1479 226 1556 Quae
246 1498 314 1542 cum
339 1481 384 1541 ita
405 1480 477 1557 sint,
501 1479 644 1558 equidem
669 1478 968 1545 Commentariorum
993 1479 1092 1543 locum
1120 1485 1192 1559 post
1203 1477 1274 1558 Cyri

53 1562 289 1625 institutionem
313 1562 466 1641 scriptum
490 1579 558 1624 esse
579 1563 769 1624 coniecerim.

140 1644 292 1724 Sequitur
314 1648 410 1723 caput
431 1643 569 1719 tertium,
591 1643 673 1723 quod
697 1661 816 1707 summo
840 1644 906 1708 iure
918 1641 1135 1708 Schenkelium
1154 1647 1186 1705 et
1202 1641 1277 1703 Din-

55 1724 190 1788 dorhum
223 1726 388 1791 damnasse
419 1730 525 1789 censet
546 1724 739 1788 Hartmanus
762 1726 805 1802 (in
828 1726 909 1788 anal.
939 1723 1082 1805 Xenoph.
1113 1743 1163 1804 pg.
1190 1723 1274 1801 mun

55 1825 157 1887 neque
187 1808 267 1871 enim
297 1825 433 1887 uuquam
456 1805 695 1885 Xenophontem
720 1815 783 1869 tam
815 1808 929 1871 insulse
951 1808 1122 1886 putideque
1142 1804 1276 1869 scribere

54 1889 201 1968 potuisse
220 1889 387 1952 existimat.
430 1889 579 1964 Quinum
597 1890 709 1952 merito
726 1889 953 1967 daninaverint
976 1890 1084 1970 paucis
1103 1888 1276 1967 disquirere

56 1988 141 2034 nunc
160 1989 264 2035 meum
287 1972 357 2034 erit.
402 1973 505 2053 Atque
526 1973 659 2051 primum
683 1971 808 2052 quidem
832 1972 905 2036 deos
929 1973 1062 2036 humano
1081 1971 1186 2050 generi
1206 1987 1277 2049 pro·

56 2054 167 2116 ridere
187 2053 328 2131 intellegi
350 2071 445 2117 exeo
473 2053 608 2133 explicat
629 2063 754 2131 auctor,
783 2055 867 2133 quod
891 2054 934 2117 illi
956 2052 1133 2118 hominibus
1156 2053 1277 2129 omnia,

55 2134 172 2215 quibus
195 2134 348 2215 indigent,
369 2142 573 2215 paraverunt.

239 2264 270 2316 in
291 2264 357 2333 Gyri
375 2264 463 2319 instit.
888 2265 917 2318 in
934 2265 1086 2320 Comment.

279 2367 329 2437 vl,
342 2368 366 2432 2,
381 2368 423 2422 29.
915 2368 962 2437 IV,
982 2368 1005 2433 3,
1025 2371 1050 2424 9.

82 2448 109 2535 ἦ
145 2449 202 2528 γὰρ
240 2453 310 2537 κατα
344 2449 451 2539 μικρὸν
475 2453 646 2539 παραῇλαξις
735 2449 771 2507 Τὸ
792 2449 821 2506 δ’
841 2442 884 2512 αὖ,
905 2451 1001 2542 ἐπέιδῂ
1027 2457 1075 2509 καί
1092 2455 1173 2511 τοῦτο
1194 2473 1277 2539 φανε-

55 2541 152 2575 narrar
167 2530 250 2576 ποιεῖ
260 2542 345 2607 φυσιν
359 2542 515 2596 υποφερειν
531 2543 580 2584 τας
597 2543 646 2595 με·
695 2525 758 2596 ρόν,
785 2517 828 2576 ὅτι
854 2527 903 2577 οὐκ
929 2546 964 2577 αν
982 2525 1194 2597 υπενέγκαιμεν
1212 2542 1277 2576 oure

57 2588 184 2661 ταβολάς·
204 2593 329 2645 deduceret
356 2591 386 2644 δὲ
399 2593 445 2644 καὶ
463 2587 477 2645 ὅ
494 2588 563 2652 θεὸς
579 2595 645 2645 dard-
696 2589 726 2644 τὸ
746 2592 839 2664 καῦμα
861 2591 926 2648 οὒτε
945 2590 975 2647 τὸ
995 2595 1083 2668 ψῦχος
1102 2594 1128 2648 εἰ
1147 2592 1278 2663 ἐξαπίνης

57 2680 116 2730 your
134 2655 220 2740 “hurle
248 2655 328 2744 κατὰἱ
350 2655 454 2747 μικρὸν
481 2661 512 2714 ἔκ
540 2680 571 2714 τε
597 2661 646 2714 τοῦ
699 2664 836 2745 piperum,
854 2657 924 2747 gultur
936 2662 990 2735 μὲν
999 2660 1070 2718 κατὰ
1082 2658 1187 2736 μικρὸν
1198 2682 1277 2745 προξ-

57 2748 199 2851 χειίιίννος
228 2729 268 2789 εἰς
299 2748 331 2781 το
361 2725 513 2816 ἄνεχεσθαι
546 2726 643 2814 ἰσχυρὰ

58 2797 99 2850 da'
139 2817 157 2868 η
186 2798 218 2852 ἔκ
245 2817 278 2852 te
304 2797 353 2851 τοῦ
380 2801 507 2858 Minoes
533 2799 573 2859 εἰς
598 2818 646 2852 τιν
700 2799 827 2865 ἀπιέναι,
861 2819 929 2855 mure
963 2803 1121 2856 λανθάνειν
1139 2820 1212 2873 ημας
1238 2818 1278 2858 εις

59 2864 173 2939 ἰσχυρὸν
186 2867 324 2940 χειμῶνα.
701 2867 819 2940 ἑκάτερα
851 2864 885 2921 τὰ
916 2870 1080 2945 ἰσχυρότατα
1106 2867 1276 2940 καθισταμὲ·

699 2957 771 2996 νους.

701 2749 775 2783 ιεναι
789 2726 838 2783 τὸν
852 2733 938 2814 pleon,
959 2729 1029 2787 οὕτω
1046 2732 1076 2786 δὲ
1089 2729 1159 2816 autc}
1174 2750 1279 2815 ιιικραν

146 3054 253 3132 Atque
275 3054 407 3133 primum
432 3054 554 3134 quidem
578 3054 679 3134 primo
697 3053 822 3117 obtuitu
845 3054 962 3118 clarum
983 3055 1020 3118 fit
1041 3053 1277 3134 Xenophontem

60 3134 142 3278 zuod
173 3133 357 3214 simpliciter
388 3136 417 3198 in
442 3136 635 3216 Cyrupaedia
666 3137 803 3214 dixerat,
838 3136 868 3199 in
892 3135 1147 3200 Memorabilibus
1170 3134 1278 3215 ampli-

81 3234 173 3279 casse
201 3221 298 3296 atque
327 3217 461 3280 limasse.
507 3218 585 3281 Tum
609 3219 769 3282 nobiscum
793 3224 990 3299 reputemus,
1021 3236 1082 3298 quo
1102 3219 1132 3281 in
1154 3223 1279 3281 senten-

63 3297 179 3361 tiarum
202 3314 321 3361 conexu
346 3299 559 3379 Cyropaediae
582 3306 680 3380 atque
700 3299 1003 3364 Commentariorum
1025 3301 1081 3364 loci
1106 3304 1278 3363 versentur.

144 3380 180 3443 ln
201 3378 396 3460 cyropaedia
420 3383 544 3445 decreta
567 3383 765 3462 expeditione
788 3389 898 3446 contra
922 3391 1026 3448 hostes
1049 3383 1156 3447 statim
1181 3381 1279 3445 susci-

64 3460 181 3539 pienda
194 3460 295 3543 Cyrus
319 3462 393 3525 dicit
415 3465 455 3526 de
476 3462 581 3540 rebus,
602 3464 712 3545 quibus
734 3471 860 3544 praeter
881 3483 969 3529 arma
991 3467 1145 3529 exercitus
1167 3465 1281 3527 debeat

63 3542 102 3605 ad
127 3543 191 3606 iter
218 3545 390 3608 instructus
412 3564 499 3625 esse3
532 3564 656 3609 necesse
680 3563 753 3609 vero
777 3564 844 3609 esse
862 3547 975 3609 milites
998 3547 1150 3625 paulatim
1173 3563 1280 3608 assue-

63 3623 165 3688 facere
187 3623 309 3705 aliquot
331 3626 443 3703 rebus,
471 3645 549 3707 quas
578 3630 643 3708 ipse
665 3628 787 3707 profert
810 3626 926 3707 Cyrus;
955 3628 1037 3709 quod
1065 3633 1199 3691 naturae
1228 3645 1280 3689 ex-

63 3707 166 3786 emplo
190 3709 421 3787 comprobatur.
459 3710 633 3790 Xenophon
652 3717 757 3772 autem
780 3710 899 3774 usitata
920 3711 1049 3773 deorum
1067 3709 1281 3790 providentiae

62 3787 249 3852 documenta
271 3808 460 3853 enumerans
479 3789 648 3855 Memorab.
672 3792 720 3867 IV,
744 3794 763 3856 3
792 3792 831 3854 ad
856 3792 932 3856 haec
954 3793 1136 3872 simpliciter
1164 3791 1281 3853 adiecit

63 3870 158 3932 etiam
182 3887 220 3933 ea
242 3888 322 3951 quae
338 3871 452 3953 Cyrum
476 3873 515 3935 de
540 3873 648 3936 eadem
672 3891 704 3934 re
727 3875 808 3954 apud
832 3873 945 3938 milites
968 3874 1120 3938 dicentem
1147 3872 1280 3935 finxerat

61 3950 112 4025 (cl.
136 3953 206 4017 init.
228 3971 254 4018 c.
272 3954 311 4019 lll
333 3954 354 4017 l.
375 3955 423 4019 IV.
448 3955 501 4036 §9
527 3958 574 4018 To
597 3955 626 4016 δ’
648 3944 708 4034 αὖ,
730 3956 844 4038 ἐπειδή
867 3957 921 4019 καὶ
946 3960 1043 4018 τοῦτο
1071 3951 1279 4037 φανερόν).

61 4033 174 4180 Quo
206 4041 291 4099 certe
324 4036 536 4118 Cyropaediae
566 4040 652 4102 locus
687 4040 714 4102 ei
751 4041 781 4101 in
816 4037 1053 4102 Commentariis
1085 4039 1280 4101 obversatur.

145 4132 328 4197 pergamus

128 4260 155 4326 1)
182 4260 216 4314 ef.
237 4262 356 4318 Joelium
381 4267 409 4319 in
437 4266 525 4332 libro,
553 4266 597 4319 cui
620 4265 760 4335 inscripsit
787 4266 849 4338 ²ller
867 4266 946 4320 echte
965 4266 1021 4318 uud
1047 4265 1095 4316 der
1112 4264 1280 4333 xenophont.

60 4325 200 4384 Sokratae'
221 4331 233 4383 Ι
250 4350 297 4401 pg.
316 4335 376 4389 396.

1045 4425 1061 4477 2
