2964 4980
659 353 824 413 ..35-

130 545 196 591 esse
216 529 399 590 accuratam
432 529 546 587 censet.
592 526 687 603 Quem
713 526 938 606 significaverit
959 528 1144 608 Xenophon,
1177 528 1293 592 nemini
1314 531 1346 592 in

131 609 245 674 occulto
269 626 340 671 esse
362 614 474 686 potest.
517 606 625 686 Nuper
649 610 766 673 scilicet
788 611 952 675 Nordenus
974 610 1089 689 (Jahns
1110 610 1216 675 Jahrb.
1238 611 1346 692 Suppl.

131 693 382 838 ΙΙΙΙέῘΙῘΙΙ,ῙΙέῗωῇῗΟΙ
405 691 488 751 θεὸν
511 688 697 771 ἐλεγκτικόν
720 693 805 771 apud
830 693 908 757 Plut
932 691 1021 774 soph.
1041 698 1101 756 216
1123 693 1162 757 ad
1185 691 1347 758 Antisthe-

210 903 496 981 Transgrediamnr
531 902 571 964 ad
603 903 686 966 aliud
725 903 943 982 Xenophontis
981 921 1059 985 opus
1091 904 1347 986 philosophicum,

133 984 426 1067 Cynopaediam
462 985 538 1046 dico.
600 987 634 1048 ln
669 987 862 1066 Cynopaedia
906 1004 980 1050 vero
1014 992 1099 1051 certe
1130 986 1347 1068 Xenophontis

132 1090 193 1133 cum
229 1067 414 1131 Antisthene
448 1084 582 1129 conexus
615 1069 713 1145 inest,
746 1069 887 1131 condidit
919 1069 1000 1132 enim
1032 1069 1234 1133 Antisthenes
1266 1069 1346 1133 duos

132 1153 276 1230 dialogos,
309 1151 360 1228 qui
383 1149 635 1212 inscribebantur
659 1153 761 1228 Κῦρος
782 1157 815 1214 et
837 1155 942 1230 Κῦρος
962 1147 985 1211 ύ
1006 1151 1081 1232 περὶ
1103 1151 1271 1231 βασιλείας
1295 1151 1347 1232 (ol.

132 1235 231 1298 baert.
267 1231 504 1310 unguite,
538 1231 638 1294 Athen
664 1232 698 1312 V,
725 1238 785 1296 220
805 1232 852 1310 O).
914 1232 1030 1310 Quodsi
1064 1233 1282 1298 Antisthenen
1315 1234 1345 1296 in

132 1318 259 1394 dialogis
291 1333 356 1376 rem
389 1313 553 1375 militarem
585 1314 667 1377 haud
702 1315 876 1394 respexisse
910 1315 1219 1396 consideraverimus,
1254 1315 1345 1381 facile

131 1400 343 1475 intellegemus
365 1395 424 1460 hae
446 1397 476 1458 in
501 1415 534 1458 re
557 1395 794 1476 Xenophontem
819 1397 1068 1461 additamentum
1090 1398 1130 1461 ad
1155 1398 1247 1461 amici
1270 1415 1346 1479 opus

131 1497 302 1561 proponere
325 1479 501 1552 studuisse3
524 1478 633 1560 itaque
658 1481 798 1558 equidem
818 1479 1044 1560 Cynopaediam
1066 1485 1139 1560 post
1151 1479 1348 1544 Antisthenis

131 1565 269 1643 dialogos
298 1562 444 1640 scriptam
474 1578 543 1622 esse
570 1561 713 1624 arbitror.
764 1560 811 1623 Ex
833 1562 996 1626 Athenaeo
1028 1581 1122 1644 porro
1152 1570 1348 1642 compertum

130 1645 276 1709 habemns
300 1643 425 1719 (Athen.
449 1643 484 1722 V,
501 1641 608 1724 2200)
639 1644 858 1707 Antisthenem
890 1646 920 1708 in
952 1644 1053 1708 altero
1076 1644 1230 1725 Cytorum
1253 1644 1349 1708 male·

130 1728 242 1791 dixisse
279 1725 449 1802 Alcibiadi,
483 1725 563 1804 quod
586 1725 753 1788 Persarum
784 1745 869 1790 more
888 1746 957 1791 cum
980 1735 1099 1803 matre,
1128 1725 1209 1807 filia,
1239 1744 1349 1792 sorore

130 1809 357 1874 concumberet.
412 1809 520 1887 ltaque
551 1825 654 1870 nonne
681 1809 711 1871 in
738 1809 954 1873 Antisthenem
977 1809 1151 1888 Xenophon
1183 1809 1348 1890 invehitur,

130 1892 207 1972 quod
232 1894 263 1955 in
287 1890 398 1970 Cyrop.
413 1891 447 1968 V,
463 1897 487 1970 l,
505 1894 543 1952 10
566 1892 717 1970 Araspam
735 1890 868 1971 Medum,
887 1892 959 1971 Cyri
978 1891 1172 1968 familiarem,
1194 1891 1348 1955 dicentem

128 1975 217 2038 facit:
242 1973 372 2047 αι’τίκα,
388 1975 460 2054 ἔφη,
477 1971 534 2035 ούκ
550 1973 608 2050 ἐροῖ
617 1972 761 2054 α’δελφός
777 1972 933 2058 ἀδελφῆς,
954 1970 1052 2046 ἄλλος
1067 1973 1104 2035 δὲ
1119 1972 1247 2056 ταύτης,
1273 1973 1350 2037 ούδὲ

130 2058 237 2143 πατηρ
256 2056 429 2135 θυγατρός,
451 2051 547 2126 ἄλλος
568 2055 605 2116 δὲ
623 2052 759 2139 ταύτης·
781 2055 834 2117 καὶ
856 2058 917 2135 γοὶρ
937 2054 1035 2136 νόμος
1052 2055 1106 2118 καὶ
1124 2053 1227 2139 φόβος
1242 2055 1351 2129 ἱκανὸς

130 2142 231 2219 ἔρωτα
247 2135 405 2201 notatam?
428 2137 507 2200 Vide
523 2155 618 2217 supra
630 2157 681 2217 pg.
700 2144 745 2202 19.
770 2138 921 2202 Necvere
933 2140 1034 2219 Cyrus
1047 2138 1132 2203 solus
1144 2139 1210 2219 tuit,
1221 2145 1350 2220 propter

130 2240 216 2302 quem
248 2221 328 2285 baec
357 2221 459 2281 omnia
482 2221 638 2283 narranda
662 2221 796 2300 suscepit
818 2220 1011 2301 Xenophon,
1043 2222 1150 2298 agitur
1183 2222 1287 2302 potius
1311 2219 1350 2283 de

130 2313 196 2368 arte
219 2303 397 2366 hominibus
417 2302 599 2380 imperandi.
643 2303 738 2367 Cuius
760 2303 837 2366 artis
857 2320 978 2366 summa
996 2303 1132 2381 dignitas
1157 2308 1261 2366 aetate
1284 2302 1349 2380 illa,
1464 2354 1468 2364 .

130 2406 189 2468 qna
213 2385 402 2449 Graecorum
435 2403 484 2446 res
508 2386 639 2447 maxime
663 2384 868 2464 perturbatae
890 2391 990 2464 erant,
1014 2383 1176 2464 elucebat3
1211 2383 1349 2448 condidit

130 2476 193 2531 tum
225 2470 307 2531 circa
330 2487 355 2529 a.
383 2473 440 2528 δῖα
472 2484 568 2544 arsque
598 2466 638 2529 ad
667 2485 693 2528 a.
718 2471 777 2529 360
806 2467 960 2530 isocrates
991 2467 1148 2530 orationes
1180 2473 1246 2532 tres
1267 2485 1348 2547 quae

130 2551 289 2615 Nicocleae
323 2558 490 2623 uocantum
525 2551 664 2612 citantur
698 2549 893 2612 Antisthenis
927 2549 1045 2629 scripta
1078 2549 1225 2629 politica:
1270 2549 1347 2630 περὶ

131 2632 233 2713 νόμον
250 2630 272 2716 η’
292 2633 368 2712 περὶ
391 2632 565 2710 πολιτείας,
588 2635 774 2706 Μενέξενος
792 2627 815 2714 ἢ
835 2633 911 2712 περὶ
934 2631 1113 2713 βασιλείας.

210 2765 277 2841 Age
294 2762 354 2824 iam
375 2761 979 2840 inspiciamusCommentariorum
997 2763 1349 2843 tertiampartem‚

130 2846 157 2906 in
179 2863 242 2925 qua
273 2862 360 2908 usum
388 2862 457 2906 esse
479 2843 715 2920 Xenophontem
746 2844 934 2908 Antisthene
963 2853 1076 2923 postea
1106 2844 1347 2919 demonstrabo;

130 2947 221 2991 unum
244 2928 293 2990 hie
329 2927 460 2989 laudare
488 2926 557 2989 volo
589 2926 773 3004 locumque
805 2926 845 2988 ab
871 2927 923 2990 illo
949 2930 1131 3001 recesserim
1163 2928 1295 3007 legimus
1315 2927 1347 2990 in

130 3008 301 3073 Continent.
314 3008 362 3085 ΙΙΙ,
380 3014 408 3085 9,
428 3013 445 3070 6
469 3007 507 3071 dc
523 3009 670 3072 socrate:
700 3009 739 3070 ού
760 3015 871 3088 με’ντοι
893 3031 928 3087 γε
949 3008 1011 3070 τίν
1033 3006 1346 3093 ἀνεπιστημοσύνην

129 3096 252 3171 μανίαν
265 3087 391 3168 ἐνόμιζε
398 3116 409 3167 ,·
428 3089 538 3169 quibus
556 3090 658 3152 verbis
675 3099 758 3153 certe
770 3089 942 3169 Xenophon
956 3091 1147 3155 contradixit
1158 3092 1347 3170 Antistheni,

130 3177 180 3256 qui
205 3175 282 3246 τούς
303 3171 451 3255 ἄφρονας
472 3177 658 3252 μαίνεσθαι
679 3173 737 3237 sibi
758 3173 927 3254 persuasit.

210 3305 359 3383 Sequitur
382 3301 557 3386 libellus
597 3304 672 3367 ille
710 3305 808 3385 περὶ
831 3302 1040 3377 παιδείας
1061 3302 1248 3382 (comment
1269 3301 1348 3366 liber

129 3391 281 3464 quartus).
336 3387 371 3448 ln
402 3385 518 3447 nullius
557 3393 658 3448 autem
693 3385 866 3466 philosophi
910 3386 1074 3467 disciplina
1112 3386 1249 3448 παιδεία
1277 3403 1347 3449 eum

130 3467 226 3532 locum
251 3468 430 3546 obtinebat,
464 3483 553 3545 quem
586 3470 614 3529 in
639 3467 833 3532 Antisthenis
865 3468 1029 3548 doctrina3
1062 3474 1174 3532 extant
1207 3469 1286 3531 enim
1316 3468 1347 3530 in

129 3558 256 3630 operum
278 3552 344 3614 eius
363 3562 384 3613 t.
420 3550 468 3612 Vll
493 3548 564 3612 libri
595 3551 732 3630 quinque
761 3549 837 3630 περὶ
859 3549 1011 3623 παιδείας
1033 3548 1056 3633 ἢ
1077 3549 1260 3629 ὀνομάτων.
1304 3550 1349 3612 De

129 3632 163 3694 iis
196 3641 302 3696 autem
338 3639 424 3696 recte
458 3631 590 3695 adnotat
612 3632 730 3696 Birtius
753 3636 817 3713 (pg.
840 3632 924 3709 XXl)
960 3631 1026 3694 »Ex
1052 3631 1104 3694 illo
1133 3628 1155 3712 ἠ·
1175 3629 1349 3711 ὀνομάτων

134 3715 268 3779 allicitur
290 3713 468 3778 Antistheni
499 3715 529 3775 in
565 3715 612 3778 his
645 3715 758 3779 libellis
781 3723 881 3778 artem
911 3713 1125 3792 dialecticam,
1155 3730 1236 3794 quae
1263 3712 1347 3792 apud

129 3797 368 3877 Xenophontem
389 3815 447 3860 non
464 3797 522 3858 nisi
540 3803 659 3876 partem
683 3816 774 3861 unam
799 3802 831 3859 et
851 3796 976 3858 tertiam
999 3795 1124 3875 quidem
1143 3795 1349 3858 institutionis

130 3881 304 3959 occupavit,
327 3885 483 3942 momento
505 3878 603 3943 multo
622 3881 748 3943 maioris
765 3897 834 3943 esse
853 3879 960 3954 visam,
984 3885 1020 3938 ut
1041 3882 1126 3940 certe
1143 3875 1349 3980 principalem

128 3963 153 4023 el
176 3962 275 4025 laicum
297 3961 496 4033 concederem
526 3963 570 4024 sic
590 3962 671 4024 enim
700 3961 770 4026 ille:
792 3961 877 4043 α’ρχη
900 3958 1105 4031 παιδεύσεως
1133 3981 1153 4044 η
1182 3963 1247 4021 τῶν
1277 3957 1349 4021 ὀνο-

128 4041 242 4124 μάτων
258 4045 433 4129 ἐπίσκεψις
456 4042 568 4122 (Epict.
587 4044 898 4121 dissert.l,17‚l‘2t«
922 4042 1028 4121 Nuper
1048 4041 1129 4104 idem
1149 4040 1348 4106 doctissimus

128 4127 172 4188 vir
191 4126 340 4206 gravibus
356 4125 503 4206 probavit
526 4127 719 4205 argumentis
737 4126 980 4206 Xenophontem
1001 4125 1029 4186 in
1044 4122 1215 4188 Commeat⁴
1228 4124 1276 4203 lV,
1289 4126 1346 4204 3,1

128 4209 216 4272 nobis
240 4207 391 4289 praebere
404 4207 600 4273 Antisthenis
622 4208 772 4271 librorum
792 4208 867 4287 περὶ
885 4205 1039 4278 παιδείας
1056 4205 1293 4286 dispositionem
1315 4213 1348 4270 et

128 4290 227 4371 ipsum
252 4290 418 4354 emendare
439 4307 507 4352 eam
528 4291 696 4354 secundum
717 4309 806 4354 suum
827 4289 989 4352 arbitrium
1005 4289 1049 4366 (in
1068 4306 1145 4352 mus.
1160 4289 1249 4354 rhen.
1272 4288 1349 4354 tL1

1125 4387 1164 4441 3*
