2964 4980
810 305 849 367 32

217 501 341 566 quoque
370 480 531 563 aequalem
562 479 742 545 vicesimum
770 480 885 544 aetatis
908 497 1023 544 annum
1054 483 1200 559 agentem
1225 479 1348 545 Socrati
1372 496 1439 546 sese

216 565 401 647 adplicuisse
425 563 474 645 (cf.
498 563 680 627 Hermodor.
707 563 793 644 apud
814 562 920 626 Laert.
942 563 1031 642 Diog.
1048 563 1096 642 Ill,
1113 565 1155 640 6).
1200 561 1286 642 Ergo
1309 561 1361 627 vel
1380 582 1437 629 sex

217 650 265 712 vel
284 650 423 728 quinque
446 646 495 710 vel
517 652 667 726 quattuor
689 663 787 709 annos
809 645 926 709 circum
949 644 1108 709 Socratem
1131 643 1206 720 fuit;
1230 652 1265 708 at
1282 663 1356 710 num
1381 665 1438 728 per

217 739 317 796 totum
339 735 463 810 tempus
491 727 704 809 philosophiae
725 727 896 792 studebat?
930 728 992 790 Ros
1021 727 1147 790 bellicas
1177 726 1305 791 amabat
1335 729 1438 810 iisque

217 819 302 879 00110
319 830 446 891 operam
465 810 602 874 navabat
620 811 763 889 maxime,
784 829 822 872 an
841 821 935 891 putas
952 816 986 873 tu
1002 828 1073 873 eum
1091 809 1198 873 ducem
1213 827 1285 873 esse
1301 811 1437 877 natum?

218 897 302 974 Quas
331 912 381 958 100
411 894 436 957 01
466 893 626 957 nobiscum
649 893 913 973 reputaverim,
932 890 1034 956 fauere
1056 910 1116 955 non
1139 893 1327 972 poterimus,
1357 894 1435 974 quin

215 980 352 1042 virorum
373 976 545 1052 doctorum,
566 993 642 1056 quos
664 992 761 1056 supra
782 975 888 1052 citavi,
914 974 1059 1038 iudicium
1089 980 1231 1038 nostrum
1254 975 1436 1040 reddamus.

218 1061 265 1124 Ex
287 1058 504 1138 Xenophontis
526 1059 608 1121 enim
629 1058 753 1138 scriptis
769 1075 840 1120 eum
861 1074 981 1120 summa
1000 1055 1211 1121 familiaritate
1234 1059 1436 1122 coniunctum

216 1143 315 1208 fuisse
338 1159 406 1205 cum
429 1140 559 1205 Socrate
581 1140 704 1202 minime
728 1139 839 1203 elucet.

303 1224 408 1302 Quid?
439 1222 522 1305 quod
539 1221 775 1301 Xenophontem
795 1219 934 1286 Socratis
953 1218 1111 1283 alumnum
1134 1237 1194 1284 non
1213 1225 1440 1285 commemorat

219 1307 318 1386 Plato,
341 1323 404 1369 nou
429 1311 650 1370 commemorat
672 1300 878 1368 Aristotelesl
926 1301 1015 1366 Licet
1044 1302 1189 1367 simultas
1221 1303 1438 1368 intercesserit

218 1392 301 1455 inter
322 1388 485 1452 Platonem
507 1394 539 1450 et
560 1385 799 1466 Xenophontem
823 1384 874 1465 (cf.
898 1383 1040 1465 Boeclrh,
1064 1385 1244 1465 disputatur
1266 1384 1306 1449 de
1330 1386 1438 1449 simul·

218 1479 285 1538 tate
317 1477 375 1535 010
410 1468 512 1533 Βο101.
537 1473 611 1532 1811
647 1474 680 1532 01
707 1465 944 1547 Teichmueller‚
979 1467 1207 1532 »litterarische
1235 1465 1366 1532 Fehdeu
1396 1471 1437 1533 im

217 1562 246 1619 4.
267 1551 377 1619 lahrh.
401 1571 429 1616 v.
452 1551 540 1616 Chr«
564 1551 600 1630 ll,
622 1569 672 1631 pg.
693 1553 755 1628 43),
778 1548 976 1614 Aristotelem
1009 1556 1130 1629 tamen,
1150 1551 1266 1631 qnippe
1290 1551 1346 1631 qui
1368 1558 1438 1615 tan-

218 1654 310 1718 quam
332 1635 451 1698 medius
468 1651 567 1713 neque
583 1633 613 1695 10
631 1634 761 1697 01101100
779 1632 914 1696 favorem
933 1630 1102 1696 inclinatus
1116 1633 1167 1712 sit,
1189 1650 1249 1696 non
1270 1635 1438 1698 nominare

217 1716 455 1799 Xenophontem
488 1720 658 1778 memoratu
689 1716 815 1794 dignum
837 1721 895 1778 001.
940 1713 1028 1789 Quod
1052 1714 1192 1779 Socratis
1222 1713 1437 1780 defensionem

219 1801 347 1881 scripsit
368 1796 552 1880 Xenophon,
571 1815 633 1861 nou
658 1803 717 1873 est,
739 1816 793 1862 001
815 1815 884 1860 enm
907 1813 1001 1859 unum
1028 1815 1065 1860 ex
1086 1796 1225 1862 Socratis
1246 1795 1438 1864 fidelissimis

219 1884 443 1947 existimemus.
487 1880 706 1944 Defensionem
728 1881 810 1944 enim
824 1878 962 1944 Socratis
977 1896 1177 1960 composuere
1199 1878 1308 1960 multi,
1331 1887 1367 1944 ut
1382 1899 1438 1945 no·

219 1967 302 2030 mina
325 1963 496 2045 proferam,
519 1963 640 2044 Lysias,
663 1962 866 2042 Theodectes,
890 1959 954 2024 alii.

302 2048 411 2126 Itaque
431 2045 624 2125 Xenophon,
656 2063 693 2108 ex
717 2046 792 2109 Asia
814 2044 930 2123 rodun,
963 2062 1034 2109 cum
1058 2044 1096 2108 de
1118 2045 1247 2109 Socrate
1276 2049 1436 2108 certamen

218 2128 300 2192 inter
330 2127 487 2191 litteratos
519 2133 621 2190 ortum
652 2127 788 2207 videret,
818 2145 876 2207 pro
905 2143 963 2189 000
985 2143 1108 2208 quoque
1137 2132 1230 2207 parte
1252 2129 1434 2192 memoriam

218 2210 423 2290 magistri-
446 2228 516 2274 nam
540 2209 600 2272 fuit
629 2215 714 2274 certe
745 2211 890 2274 Socrates
911 2207 1128 2290 Xenophontis
1150 2209 1301 2288 magister
1322 2245 1364 2256 -
1385 2210 1435 2291 010

216 2292 318 2357 001010
342 2293 515 2356 constituit.
560 2291 713 2370 Quoniam
737 2311 809 2356 vero
835 2290 916 2354 bella
939 2297 1060 2372 tempus
1076 2291 1103 2354 01
1126 2310 1186 2355 000
1205 2297 1435 2369 000000001001,

218 2381 254 2439 01
275 2393 343 2438 0000
365 2375 493 2438 dederet
511 2374 676 2454 memoriis,
697 2393 789 2455 saepe
812 2372 948 2436 inventio
968 2378 1062 2454 atque
1086 2375 1285 2454 excogitatio,
1310 2376 1434 2456 0000100

216 2456 414 2521 Antisthenis
437 2457 528 2520 amici
550 2458 667 2536 scripta
689 2458 717 2520 ei
740 2457 888 2520 videntur
909 2455 1100 2536 subvenisse,
1122 2456 1377 2537 quandoquidem
1397 2475 1433 2520 ex

216 2539 313 2620 100100
336 2539 550 2620 Xenophontis
573 2536 676 2601 verbis
699 2541 740 2618 (in
764 2539 934 2602 Gonuuent.
952 2538 973 2616 Ι,
998 2543 1024 2612 3,
1047 2540 1076 2617 1)
1099 2539 1320 2618 cumscriptio
1352 2557 1432 2602 0010-

217 2624 378 2684 1000101110
397 2640 483 2685 usum
501 2638 647 2683 0000000
669 2629 810 2702 apparet.
858 2621 939 2698 Ergo
962 2620 1078 2684 multas
1100 2621 1272 2684 sententias
1291 2622 1432 2685 Socratis

217 2703 379 2767 doctrinae
401 2703 534 2784 speciem
556 2721 632 2782 prae
656 2703 847 2766 0010100100
870 2721 908 2766 ex
930 2703 1116 2767 Antisthene
1138 2704 1341 2784 depromptas
1364 2721 1432 2767 esse

216 2785 362 2866 proclivis
384 2786 560 2850 coniectura
578 2791 635 2848 001.

300 2868 431 2947 Liquido
460 2868 557 2946 igitur
585 2866 840 2931 subscribendum
868 2870 916 2930 est
944 2867 972 2930 01
1005 2867 1198 2946 0001001100,
1237 2884 1332 2947 qnam
1363 2887 1430 2948 pro·

216 2951 325 3030 posuit
348 2950 587 3024 Reinhardtius;
610 2957 644 3012 at
668 2968 727 3013 nou
750 2949 850 3013 solnm
873 2949 1030 3012 invehitur
1051 2950 1081 3011 in
1096 2949 1313 3012 Antisthenem
1329 2951 1434 3014 Xeno-

218 3032 311 3112 phon,
332 3032 387 3096 sed
403 3032 511 3096 multis
527 3033 557 3094 in
574 3031 665 3095 rebus
686 3050 756 3094 eum
771 3034 863 3112 piane
879 3039 927 3094 est
943 3036 1081 3095 sectatus
1096 3039 1128 3093 et
1144 3033 1174 3093 in
1192 3031 1433 3096 Commentariis

217 3122 249 3177 et
271 3116 301 3177 in
322 3114 466 3178 omnibus
490 3115 615 3194 scriptis
638 3113 866 3193 philosophicis.
911 3114 980 3189 Qua
1002 3115 1031 3176 iu
1050 3120 1084 3176 re
1102 3130 1164 3193 quo
1181 3113 1310 3177 consilio
1331 3123 1433 3178 motus

217 3198 276 3274 sit,
307 3197 455 3277 explanat
477 3197 594 3259 Birtius
627 3197 657 3258 in
688 3213 766 3258 mus.
801 3197 927 3259 rhenan.
947 3201 967 3258 t.
991 3201 1040 3275 01,
1064 3214 1114 3275 pg.
1142 3201 1216 3276 1553
1251 3197 1338 3261 cuius
1361 3197 1433 3260 mihi

218 3278 322 3342 verbis
345 3281 387 3342 uti
411 3279 517 3342 liceat:
550 3278 662 3341 »Nicht
686 3296 742 3340 nur
763 3277 935 3357 Einzelnes,
965 3278 1100 3340 sundern
1123 3295 1221 3356 ganzo
1243 3277 1434 3343 Gadanlren-

217 3368 327 3441 gange,
351 3378 449 3440 ganne
462 3359 599 3423 Themen
614 3359 706 3436 nahm
725 3378 759 3422 er
773 3378 833 3424 von
851 3360 923 3423 dort
941 3358 1010 3442 (000
1029 3362 1063 3423 A.
1077 3359 1253 3437 Schriften),
1277 3360 1432 3426 bisweilen

216 3464 267 3508 um
289 3443 334 3506 sie
357 3442 617 3521 stillschweigend
642 3462 679 3505 00
701 3441 890 3521 berichtigen
915 3443 976 3504 und
1009 3443 1119 3520 seiner,
1143 3443 1199 3505 der
1219 3442 1436 3523 Xenophonti-

216 3527 309 3591 schen
323 3523 505 3588 Denlrweise
522 3524 753 3604 anzugleichen,
775 3524 822 3588 oft
840 3524 917 3587 wohl
937 3525 1016 3587 auch
1034 3543 1104 3601 nur,
1125 3543 1176 3588 um
1196 3525 1241 3587 sie
1256 3525 1434 3606 popullirer,

217 3608 356 3673 lesharer
377 3607 633 3671 unrzuschreihen
657 3607 718 3670 und
742 3609 772 3670 10
791 3607 908 3670 seiuem
927 3606 1117 3684 Griechisch‚
1139 3607 1194 3669 das
1215 3607 1434 3672 mutmasslich

217 3691 296 3756 doch
329 3691 406 3752 wohl
439 3687 569 3768 leichter
600 3688 726 3752 fasslich
752 3708 831 3768 war,
864 3707 932 3751 zum
958 3688 1122 3767 Eigentum
1155 3690 1256 3752 seiues
1286 3691 1433 3754 weltereu

216 3771 432 3837 Leserlrreises
453 3791 492 3834 00
515 3769 672 3834 macheu«

298 3855 363 3918 lam
385 3856 507 3917 veroin
531 3853 633 3916 fronte
651 3854 870 3933 disputationis
893 3859 1019 3915 nostrae
1041 3867 1194 3930 ponamus
1216 3851 1436 3932 Xenophontis

215 3938 254 4000 de
266 3936 452 4000 Antisthene
474 3937 629 4015 iudicium,
664 3935 746 4015 quod
768 3953 921 3998 summum
944 3936 1010 3997 eius
1029 3933 1167 3996 studium
1187 3933 1318 4014 prodat;
1339 3942 1429 3998 extat

217 4021 300 4100 apud
323 4017 427 4081 Latent,
452 4018 686 4097 1110011110
726 4019 745 4079 ri
767 4019 805 4079 δὲ
828 4018 987 4097 Ξενοφῶν
1010 4013 1145 4088 ἥδιστον
1167 4019 1229 4094 μὲν
1250 4008 1338 4079 ἐἶναι
1360 4017 1436 4098 περὶ

214 4104 289 4205 001ςὶ
306 4100 431 4245 ὁμξέἱας
460 4101 562 4184 φησὶν
582 4098 689 4162 αὐτόν
720 4101 796 4180 (scil.
828 4101 886 4161 τόν
907 4099 1145 4181 Ἀντισθένην),
1179 4098 1437 4180 ἐγκρατέστατον·

215 4207 259 4246 πε
279 4208 291 4248 f
313 4205 355 4244 w
396 4207 426 4244 α.

260 4208 278 4266 ρ
298 4265 526 4330 Perlustremus
545 4284 638 4346 porro
653 4262 870 4341 Xenophontis
892 4261 986 4339 locos,
1004 4261 1054 4325 uhi
1074 4260 1276 4324 Antisthenes
1299 4261 1435 4339 citatnr;

215 4349 368 4411 neminem
402 4366 474 4413 vero
505 4347 651 4428 effugisse
685 4345 826 4410 arbitror
857 4363 929 4408 eum
963 4362 983 4406 a
1025 4346 1178 4426 scriptore
1210 4361 1334 4424 semper
1366 4362 1435 4408 curn
