2964 4980
805 322 845 382 40

216 510 365 573 genere
387 493 539 575 petitis
572 494 710 561 homines
739 496 952 579 imprudentes
980 511 1039 557 non
1071 495 1213 558 meliores
1237 511 1306 557 esse
1329 501 1435 558 osten-

217 575 311 640 datur
343 592 435 656 quam
470 576 538 640 illas
570 575 698 643 bestias.
760 580 809 643 lta
841 578 1041 642 Antisthenes
1075 581 1235 656 comparat
1272 576 1434 655 sophistas

219 657 380 738 discipulis
403 659 469 723 suis
491 659 676 740 sapientiam
703 662 896 725 inculcantes
919 679 985 724 cum
1011 661 1109 723 servis
1129 658 1272 739 porrulos
1295 662 1433 737 pervim

217 740 452 819 saginantibus;
476 740 513 805 ci.
536 742 649 806 Athen.
663 743 805 807 XlViioss
819 761 880 823 sq..
902 743 953 823 qui
977 743 1062 805 locus
1082 742 1218 804 fortasse
1243 740 1376 804 defluxit
1399 763 1434 805 ex

217 822 353 886 Antisti.
378 823 502 902 dialogo
534 824 610 904 περὶ
643 828 710 886 τῶν
741 829 910 908 σοφιστῶν
940 819 1235 906 φυσιογνωμονικός
1266 829 1356 896 (tom.
1386 825 1434 903 ill.
1463 828 1464 831 ’

219 904 358 968 Eandem
384 903 594 986 sophistarum
615 909 873 988 contemptionem
893 907 1064 985 Xenophon
1080 925 1202 987 quoque
1221 923 1296 985 prae
1319 925 1353 969 se
1376 907 1435 970 lert

219 987 249 1050 in
266 986 441 1052 Comment.
460 988 482 1067 Ι,
496 992 523 1068 6,
541 989 592 1067 13;
617 988 669 1052 ubi
691 992 743 1070 qui
768 991 953 1070 sapientiam
976 1007 1032 1069 pro
1055 991 1186 1068 pecunia
1203 988 1302 1052 cuivis
1320 987 1433 1053 volenti

217 1070 425 1150 prostituunt,
447 1069 602 1150 sophistas
626 1073 715 1150 quasi
738 1073 909 1151 impudicos
932 1076 1047 1135 rocam.⁴
1376 1086 1378 1090 ·

252 1174 285 1228 cf.
306 1164 456 1243 Diogenem
474 1177 548 1244 apud
567 1175 646 1230 Dion.
667 1177 761 1246 Chrys.
861 1199 862 1202 ¹
1211 1239 1214 1244 ⁴

383 1262 422 1298 or.
439 1246 457 1297 4
474 1263 521 1314 pg.
541 1245 589 1298 153
602 1245 634 1300 R.
921 1242 1045 1311 Xenoph.
1064 1242 1100 1311 in
1113 1242 1215 1295 Comm.
1238 1242 1258 1306 Ι,
1275 1243 1299 1305 6,
1323 1242 1362 1295 13.

253 1331 300 1381 καί
318 1331 416 1403 γνώσῃ,
443 1325 487 1383 ὅτι
506 1326 588 1383 οῦδὲν
611 1331 741 1402 διαφέρει
760 1350 803 1385 σο·
887 1331 933 1382 καί
959 1325 1010 1399 τὴν
1028 1330 1129 1395 σοφίαν
1147 1323 1275 1386 οῗσαίτως
1301 1324 1367 1388 τοὺς
1384 1329 1436 1401 μὲν

220 1394 481 1472 φιστὴςίίνθρωκος
496 1395 801 1470 εὔνοίγοοιίκολιίστου,
852 1395 988 1471 ἀργυρίου
1025 1397 1061 1469 τῷ
1092 1395 1249 1468 βουλομένῳ
1277 1398 1437 1460 πωλοῦντας

852 1464 983 1536 σοφιστὰς
996 1462 1088 1536 ὥσπερ
1101 1464 1223 1537 πόρνους
1239 1461 1436 1523 ἀποκαλοῦσιν.

300 1562 404 1626 Etiam
428 1564 577 1627 meretrix
597 1563 636 1627 ad
659 1563 776 1628 bestias
798 1563 935 1626 trahitur
955 1579 1034 1642 quae
1056 1561 1147 1641 quasi
1168 1561 1312 1624 venatrix
1330 1563 1436 1643 depin-

219 1644 307 1724 gitur
330 1663 349 1708 a
371 1645 581 1725 Xenophonte
612 1647 643 1709 in
668 1645 783 1710 Comm.
815 1647 864 1726 Ill,
887 1651 931 1722 ll,
949 1649 986 1719 ὃς
1019 1645 1091 1706 item
1115 1643 1233 1706 amicus
1257 1645 1437 1723 appellatur

219 1731 337 1809 θηρίον
359 1729 390 1791 iu
414 1727 524 1808 Cyrop.
545 1728 620 1806 Vlll‚
638 1733 666 1806 7,
688 1735 741 1808 143
773 1727 810 1791 cf.
833 1746 929 1808 supra
949 1745 1000 1807 pg.
1028 1727 1064 1789 15
1089 1730 1120 1788 et
1147 1729 1191 1787 16.
1291 1747 1294 1750 ·

301 1808 394 1887 Quod
422 1809 535 1874 dicitur
567 1811 598 1872 in
622 1810 793 1875 Commeat.
817 1810 837 1889 1,
862 1815 890 1884 2,
907 1815 946 1873 30
976 1809 1014 1871 de
1044 1808 1162 1873 Critiae
1191 1806 1336 1872 libidine:
1368 1828 1437 1873 cum

121 1950 125 1956 .
219 1890 336 1955 Critias
361 1892 504 1956 omnibus
534 1893 660 1956 monitis
683 1911 742 1955 non
765 1899 908 1972 pareret,
941 1891 1055 1954 dixisse
1083 1888 1250 1969 perhibent
1274 1891 1437 1955 Socratem

220 1973 319 2036 videri
341 1973 490 2038 accidisse
504 1974 621 2039 Critiae
637 1973 754 2064 aliquid
778 1974 863 2054 quod
883 1975 1044 2053 proprium
1065 1973 1107 2033 sit
1120 1989 1283 2051 porcorum
1302 1980 1439 2038 naturae

123 2132 126 2135 ι
219 2054 325 2137 (diaria
356 2055 447 2136 αὐτῷ
487 2056 596 2140 δοκοίη
636 2055 781 2136 πάσχειν
814 2057 832 2118 ri
864 2058 1024 2135 Κριτίας),
1067 2054 1099 2117 id
1132 2060 1217 2117 certo
1252 2053 1439 2136 Cynicorum

220 2155 309 2202 usum
334 2137 480 2217 designat
491 2137 525 2219 ¹).
626 2197 628 2201 ,
969 2204 972 2209 ,

305 2220 329 2282 Ε
360 2220 470 2284 studiis
493 2220 665 2285 Homericis
687 2220 779 2283 etiam
811 2219 1004 2283 Antisthenis
1034 2215 1323 2298 rhapsodorum
1354 2236 1440 2282 con-

219 2304 405 2383 temptus
432 2303 656 2384 proficiscitur;
697 2320 768 2366 nam
800 2304 866 2365 sine
895 2319 989 2364 sensu
1017 2300 1061 2362 illi
1092 2298 1232 2364 carmina
1264 2300 1440 2380 sapientiae

219 2381 313 2462 plena
337 2385 560 2449 decantabant.
604 2385 688 2449 Dicit
709 2385 776 2464 ipse
800 2383 1002 2447 Antisthenes
1024 2382 1108 2463 apud
1127 2380 1268 2458 Xenoph.
1288 2382 1319 2443 in
1341 2381 1439 2449 Come.

220 2464 304 2550 illo
327 2457 432 2530 οἶσθα
455 2459 514 2533 οὖν
537 2469 635 2541 ἔθνος
658 2464 872 2552 ἤλιθιοίτερον
893 2465 1078 2554 &ammonitu
1101 2466 1131 2528 iu
1155 2461 1269 2526 Comm.
1282 2463 1333 2542 IV,
1353 2470 1383 2544 2,
1404 2470 1442 2529 lo

219 2545 437 2628 Euthydemus
460 2548 697 2613 Antisthenicus
716 2567 768 2612 eos
792 2549 964 2625 significat:
995 2546 1071 2619 τούς
1098 2544 1159 2628 γάρ
1188 2567 1236 2606 τοι
1258 2545 1441 2634 poppaeae

220 2620 297 2691 οἴδα
317 2631 360 2692 vri
382 2635 444 2709 μὲν
477 2634 541 2711 ἔντη
559 2631 775 2712 ἀκριβοῦντας
797 2631 847 2708 (cf.
867 2629 963 2694 Cony.
986 2630 1068 2706 illo
1092 2627 1123 2690 oi
1144 2626 1295 2708 ῥαψῳδοὶ
1315 2626 1442 2705 πάντες

221 2712 420 2775 ἐπίστανται
441 2717 546 2775 ταῦτα
567 2713 609 2775 τοὶ
632 2714 709 2795 ἔπη)
726 2713 845 2785 ου’τοιίς
865 2712 904 2774 δὲ
921 2709 1013 2774 πάνυ
1027 2710 1175 2796 ἠλιθίους
1193 2705 1303 2782 ὄντας.
1347 2710 1443 2775 Item-

220 2810 281 2873 que
300 2811 368 2857 cnm
386 2795 617 2876 contemptione
633 2794 768 2875 quadam
783 2794 955 2875 Xenophon
971 2795 1001 2857 in
1015 2795 1128 2874 Cyrop.
1141 2791 1190 2869 lll‚
1203 2797 1230 2871 3,
1241 2797 1279 2854 54
1297 2795 1442 2874 scripsit:

221 2875 405 2958 δυνήσεταί
424 2900 471 2952 τις
492 2874 795 2974 αἰτορραγιωσήσας.

152 3026 155 3030 ,
219 3029 222 3032 ,
304 2958 435 3037 Restat,
469 2966 504 3025 ut
531 2978 690 3040 proprrum
729 2978 965 3024 commemorem
993 2958 1177 3038 Cynicorum
1208 2973 1342 3037 morem,
1380 2977 1443 3039 quo

222 3041 436 3123 παίγνιαῖ)
471 3041 664 3107 excolebant.
719 3044 768 3105 lta
801 3059 910 3122 nempe
939 3040 1166 3122 loquebantur,
1201 3045 1237 3103 ut
1269 3040 1353 3102 seria
1375 3058 1442 3120 cunr

223 3122 297 3186 iocis
328 3130 400 3187 arta
434 3125 661 3188 necessitudine
691 3125 855 3187 coniuncta
884 3129 989 3186 essent
1023 3121 1073 3202 (cf.
1105 3122 1143 3185 de
1174 3121 1232 3184 hoc
1254 3119 1442 3200 Cynicorum

224 3222 282 3268 usu
307 3207 442 3269 Demetr.
466 3207 559 3269 Rhet.
584 3206 623 3269 de
646 3205 820 3270 elocutione
850 3224 896 3285 cp.
924 3203 1004 3285 170).
1055 3204 1143 3279 Quod
1166 3204 1196 3265 in
1216 3202 1346 3267 Socrate
1368 3222 1442 3284 quo·

224 3302 284 3369 que
302 3286 531 3366 Xenophonteo
543 3285 568 3368 ⁸)
591 3286 680 3350 nobis
704 3287 850 3350 occurrit.
892 3287 939 3349 Ad
963 3287 1047 3349 vocis
1071 3284 1334 3366 σπονδογελοίων
1359 3287 1444 3350 simi-

296 3479 322 3546 l)
341 3478 419 3532 Porci
445 3480 517 3550 apud
539 3480 734 3536 Antisthenem
753 3498 882 3550 persaepe
907 3480 1002 3534 usitati
1021 3484 1092 3534 sunt.
1131 3479 1164 3533 ef.
1184 3482 1249 3533 Ant.
1269 3478 1366 3546 Odyss.
1385 3481 1400 3548 ᾖ
1419 3479 1443 3538 6,

225 3546 274 3600 ubi
299 3548 332 3601 do
356 3547 453 3604 Aiace:
482 3546 539 3601 ἀλλ’
565 3545 657 3620 οἵσπερ
684 3540 715 3609 οἷς
741 3551 840 3620 τίγριος
866 3545 937 3623 ὀργῇ
962 3552 1117 3621 φερόμενος
1144 3569 1167 3601 κ.
1188 3567 1210 3602 τ.
1236 3550 1258 3602 λ.
1299 3549 1346 3601 oss
1362 3565 1444 3618 porro

225 3617 298 3686 apud
311 3617 381 3671 Plat.
395 3617 428 3673 de
444 3635 473 3671 re
491 3618 601 3689 publica
613 3620 697 3672 372A
717 3621 1004 3672 commemorationem
1026 3634 1170 3686 porcorum
1187 3616 1309 3671 civitatis
1327 3617 1364 3671 ad
1379 3620 1443 3686 Ant,

225 3688 410 3754 spectantem
428 3686 494 3740 itcm
516 3688 747 3756 comparationem
768 3688 844 3740 illam
869 3690 970 3760 θηρίου
991 3683 1068 3740 irino
1088 3685 1194 3755 (susm
1213 3685 1274 3739 vide
1288 3688 1444 3741 lluemmler

228 3754 348 3808 Antisth.
367 3773 412 3823 pg.
435 3756 467 3809 35
493 3757 560 3823 sq.);
596 3774 735 3825 compares
760 3758 903 3825 praeterea
927 3756 1058 3809 Themisi.
1085 3757 1150 3826 περί
1180 3755 1281 3826 ἀρετῆς
1306 3755 1348 3823 (in
1376 3774 1442 3809 mus.

226 3823 304 3878 rhen.
332 3825 353 3876 t.
372 3825 414 3892 27,
440 3825 504 3892 451)
533 3825 617 3890 §33z
654 3828 706 3879 Der
741 3826 821 3888 aber,
849 3826 942 3879 descen
962 3826 1092 3879 Interesse
1119 3842 1153 3878 an
1182 3824 1234 3877 den
1263 3823 1371 3893 bingen
1396 3824 1444 3878 der

227 3892 303 3946 Welt
321 3891 357 3944 ist
358 3933 462 3960 ......
482 3894 518 3946 ist
543 3893 621 3947 nicht
639 3895 682 3948 ein
704 3895 823 3958 Weiser,
852 3895 904 3949 wie
923 3894 1098 3948 Antisthenes
1116 3897 1186 3961 sagt,
1205 3893 1322 3946 sondern
1341 3893 1444 3962 gleicbt

227 3960 289 4015 dem
308 3961 394 4025 Tiere,
413 3962 474 4015 dem
493 3963 542 4016 der
559 3962 634 4016 Roth
652 3962 798 4032 behaglich
816 3964 860 4029 ist,
879 3965 985 4031 dequo
1004 3965 1063 4016 loco
1083 3982 1106 4014 v.
1125 3962 1185 4015 Joel
1203 3980 1248 4031 pg.
1265 3962 1327 4015 382.

299 4047 326 4114 2)
347 4045 461 4116 Scripsit
479 4048 616 4101 Monimus
643 4048 828 4116 Syracusanus
850 4049 955 4102 ludicra
981 4049 1057 4103 seriis
1082 4066 1153 4116 qnae
1180 4037 1362 4100 involvuntur
1385 4065 1441 4102 sen·

227 4112 321 4168 tentiis
338 4115 489 4184 permixta;
508 4118 541 4171 cf.
560 4117 650 4171 Laert
670 4118 747 4186 Diog.
770 4119 814 4187 Vl,
834 4118 876 4171 83.
911 4118 1018 4190 γέραφε
1038 4117 1068 4170 δὲ
1092 4119 1209 4186 παίγνια
1236 4116 1343 4192 σπουδῇ
1367 4119 1444 4187 λείη-

228 4185 298 4251 θυίᾳ
315 4184 488 4256 μεμιγμένα.

167 4268 170 4274 ’
299 4268 326 4335 3)
345 4267 447 4348 Ιζοίοοί,
464 4271 546 4325 inisse
575 4288 636 4326 vere
662 4271 780 4326 Socratis
803 4273 974 4343 proprietas,
1002 4291 1066 4326 nam
1086 4273 1185 4328 similia
1209 4273 1282 4343 apud
1299 4272 1445 4332 ,Platonem

228 4353 337 4406 qnoque
355 4344 541 4394 rnvenruntnr.
