2964 4980
607 330 690 390 ,19

147 507 232 570 Satis
254 506 351 583 igitur
373 524 420 567 me
443 505 676 567 demonstrasse
694 510 770 583 puto
789 501 1086 567 Commentariorum
1111 500 1224 564 librum
1236 499 1278 564 IV

58 598 134 670 post
158 589 229 668 Cyri
254 590 481 652 institutionem
505 606 524 650 a
547 587 756 667 Xenophonte
781 604 847 648 esse
871 585 1083 664 compositum.

148 672 206 734 llic
239 690 312 735 vero
346 673 503 746 attingere
538 669 631 732 liceat
664 669 877 751 quaestionem
909 666 947 728 de
979 665 1278 745 interpolationibus

60 773 145 837 quas
169 752 217 814 his
242 756 270 815 in
295 753 382 816 libris
404 753 550 814 invenere
572 757 669 834 atque
693 752 854 813 inveniunt
874 749 958 814 hunc
990 766 1088 828 usque
1111 746 1191 810 diem
1215 767 1276 811 non

61 838 156 916 pauci
180 836 238 896 viri
259 836 351 897 docti.
396 834 433 895 m
457 833 571 911 ambigi
595 851 688 912 posse
711 834 751 895 de
777 832 931 894 nonnullis
950 831 1024 893 locis
1046 849 1134 893 nenio
1157 831 1277 909 estqui

58 920 191 981 nesciat.
237 917 297 980 Sed
328 916 572 995 contemplemur
603 914 720 978 falsarii
743 932 871 993 operam
903 914 934 975 in
966 913 1058 975 tertio
1081 912 1149 975 libri
1173 913 1277 992 quarti

59 1001 174 1080 capite.
221 999 352 1062 Necesse
382 999 462 1060 enim
487 1003 555 1059 erat
578 1015 647 1060 eum
670 1004 765 1075 caput.
786 996 860 1059 illud
884 1014 921 1058 ex
946 995 1039 1059 variis
1064 992 1278 1075 Cynopaediae

58 1082 145 1156 locis,
170 1081 252 1144 sicut
273 1100 309 1142 ex
332 1080 350 1141 l.
363 1080 413 1158 Vl,
437 1085 464 1158 2,
489 1079 580 1159 29,1,
605 1086 632 1157 o,
656 1084 704 1141 46.
745 1078 820 1154 Vlll,
841 1083 869 1154 7,
889 1081 937 1152 22,
967 1077 988 1154 Ι,
1007 1081 1070 1159 6,3
1100 1078 1278 1158 compilare,

57 1164 143 1243 quod
169 1163 331 1225 verisimile
355 1180 414 1223 non
443 1161 567 1223 videtur
601 1179 677 1224 esse.
722 1161 831 1240 ltaque
859 1179 878 1222 a
906 1159 1022 1222 talibus
1050 1160 1278 1239 suspicionibus

57 1245 279 1309 abstinendum
302 1263 370 1308 esse
400 1243 546 1305 arbitror.
590 1245 631 1306 At
656 1242 850 1305 contenderit
873 1242 1027 1325 quispiam
1058 1250 1152 1321 caput
1174 1243 1277 1322 ipsum

57 1347 168 1392 carere
192 1327 275 1389 omni
308 1327 423 1389 ordine.
467 1325 495 1388 is
518 1332 652 1387 mentem
684 1325 800 1402 dirigat
827 1325 868 1387 ad
897 1325 984 1386 illum
1013 1324 1153 1391 ordinem
1176 1334 1208 1388 et
1238 1325 1277 1387 ad

57 1412 196 1489 partium
217 1409 462 1488 dispositionem,
485 1425 576 1486 quam
598 1407 757 1484 ingeniose
774 1407 889 1470 Birtius
914 1407 1049 1470 instituit
1073 1411 1093 1483 ).

147 1507 209 1571 Sed
232 1509 397 1570 redeamus
420 1506 458 1567 ad
482 1505 522 1585 id,
546 1505 628 1584 quod
648 1503 737 1567 nobis
758 1505 987 1584 proposuimus,

148 1589 334 1667 Legitimum
357 1588 438 1650 idem
462 1604 530 1650 esse
552 1593 648 1666 atque
670 1587 788 1650 iustum
811 1586 1025 1666 praedicatur:

241 1693 271 1746 in
290 1692 354 1762 Gyri
373 1691 459 1746 instit.
885 1691 915 1744 in
936 1691 1088 1746 Commeat.

289 1779 309 1846 1,
327 1780 352 1848 3,
376 1780 414 1831 17.
909 1779 956 1847 IV,
976 1779 1063 1847 4,12.

94 1863 158 1921 ἐπεὶ
176 1861 213 1931 δ’,
241 1864 307 1935 ἔφη,
336 1860 371 1917 τὸ
396 1864 463 1937 μὲν
482 1863 644 1939 νόμιμον
730 1865 802 1935 φημὶ
830 1860 885 1936 γὰρ
905 1859 955 1933 ἐγιέ
987 1860 1025 1918 τὸ
1051 1862 1214 1936 νόμιμον
1234 1864 1274 1917 δι’·

59 1936 204 1988 δίκαιον
223 1931 320 1987 εἶναι
340 1954 363 1987 κ.
382 1953 403 1986 τ.
422 1936 445 1990 λ.
693 1952 803 1985 καιον
822 1929 931 1986 εἶναι.

728 2025 883 2080 Memorato
902 2029 976 2082 certe
994 2026 1108 2097 dignum
1127 2030 1179 2091 est,
1204 2028 1277 2095 quod

693 2094 816 2162 sequitur

281 2198 313 2260 v,
334 2197 357 2264 ι,
381 2196 421 2249 m.
907 2200 953 2264 tv,
971 2201 996 2269 4,
1016 2201 1057 2254 ao.

92 2325 133 2337 ...
153 2280 204 2335 οὔκ
218 2281 268 2355 ἐρᾷ
282 2277 400 2350 ἁδελφὸς
414 2276 542 2352 adeleide,
563 2279 643 2340 ἄλλος
733 2284 841 2337 Ουκοῦν
859 2287 906 2337 καὶ
924 2283 996 2356 μήτε
1014 2286 1116 2354 γονέας
1134 2288 1214 2338 παισὶ
1231 2290 1275 2356 μί-

57 2352 87 2405 dc'
125 2350 242 2422 ταύτης,
279 2346 342 2404 οὐδὲ
374 2349 466 2439 πατὴρ
492 2349 642 2421 θυγατρός,
693 2360 826 2421 γνυσθαι,
845 2353 918 2423 μήτε
935 2353 1036 2412 παῖδας
1055 2354 1202 2423 γρνεῧσιν,
1225 2351 1273 2408 Οὕ-

59 2419 142 2480 (ittae
163 2420 193 2473 δὲ
213 2418 320 2504 ταύτης.
348 2422 395 2472 καὶ
413 2439 468 2489 γαρ
491 2416 577 2490 νόμος
596 2420 643 2470 καὶ
693 2421 752 2507 κξτι
779 2442 828 2492 μοι
856 2423 946 2485 δοκεῖ,
975 2421 1042 2492 ἔφη,
1070 2421 1090 2474 oi
1117 2422 1275 2534 Σιιίκὲατες,

60 2489 146 2560 φόβος
165 2485 262 2549 ἱκανὸς
281 2489 367 2563 ἔρωτα
387 2487 512 2542 κωλύειν.
693 2511 775 2550 ουτος
800 2490 872 2544 θεοῦ
891 2496 972 2562 νόμος
991 2488 1072 2546 εἶναι.
1163 2493 1194 2546 2a
1218 2495 1276 2546 Καὶ

373 2576 376 2582 “
692 2562 790 2624 ποίαν,
826 2560 894 2631 ἔφη,
925 2561 1018 2631 δίκην,
1061 2548 1082 2612 οῗ
1118 2559 1274 2635 Σώκρατες,

693 2625 726 2682 οὔ
754 2627 888 2682 δύνανται
921 2627 1090 2699 διαφεύγειν
1121 2638 1217 2700 γονεῖς
1245 2650 1275 2685 τε

692 2700 788 2751 παισὶν
820 2700 867 2782 aql
901 2698 999 2758 παῖδες
1033 2698 1147 2768 γονεῦσι
1174 2699 1275 2786 μιγνύ-

691 2787 790 2839 μενοι;
815 2769 872 2838 Την
890 2764 1080 2840 μεγίστηνγὴ
1100 2765 1152 2834 Δί’,
1172 2770 1233 2841 ἐφη.

137 2859 309 2940 Xenophon
330 2859 360 2922 in
374 2859 488 2939 Cyrop.
511 2860 693 2924 contradicit
708 2861 886 2924 Antistheni
906 2879 996 2941 quem
1015 2862 1045 2936 in
1064 2863 1164 2927 altero
1178 2865 1275 2942 Cyro·

54 2961 121 3005 rum
135 2941 338 3005 maledixisse
355 2940 504 3005 Alcibiadi
521 2948 714 3019 cirnipertum
732 2942 884 3005 habemus
901 2962 939 3005 ex
952 2944 1114 3013 Athenaeo
1128 2945 1155 3006 V
1168 2946 1275 3023 2200,

53 3024 134 3106 quod
158 3023 330 3086 Persarum
354 3040 440 3085 more
473 3039 541 3088 cum
564 3032 681 3101 matre,
711 3023 790 3099 lilia,
822 3043 929 3086 sorore
952 3025 1188 3106 eoncumberet3
1212 3029 1272 3090 iam

53 3108 169 3170 Persas
192 3105 233 3168 ab
256 3105 314 3168 hoc
339 3104 505 3185 opprobrio
529 3105 695 3169 defendere
719 3106 801 3183 vult,
832 3111 965 3169 ceterum
989 3125 1057 3170 cum
1081 3109 1179 3171 amico
1201 3127 1272 3172 con-

53 3190 160 3252 sentit.
211 3189 329 3251 Rursus
359 3188 454 3262 igitur
479 3186 674 3252 Antisthenis
706 3189 880 3267 opinionem
909 3189 940 3250 in
974 3189 1144 3254 Comment.
1167 3191 1221 3271 IV,
1243 3201 1272 3269 4,

54 3274 187 3335 20-23.
231 3270 403 3349 Xenophon
432 3271 552 3349 premit.
603 3270 643 3333 Et
672 3271 729 3333 hoc
762 3288 886 3354 quoque
918 3270 958 3333 ad
993 3280 1115 3352 tempus
1145 3273 1272 3338 Memor.

53 3354 74 3418 l.
105 3351 147 3416 llv
180 3353 434 3415 constituendum
469 3360 580 3416 notatu
619 3351 745 3429 dignum
779 3361 845 3430 est,
886 3353 968 3433 quod
1013 3355 1043 3426 in
1078 3357 1272 3437 Cyropacdia

54 3436 189 3514 scriptor
216 3434 356 3510 fratrem,
387 3452 535 3512 sororem,
569 3444 687 3511 patrem
718 3436 862 3498 distincte
893 3444 1069 3513 enumerat,
1102 3447 1210 3502 contra
1240 3442 1270 3503 in

54 3516 305 3582 Mernorabilibus
327 3516 442 3579 liberos
466 3524 498 3594 et
519 3524 683 3596 parentes;
707 3518 736 3579 in
753 3536 845 3580 unum
865 3519 962 3594 igitur
982 3520 1107 3583 videtur
1127 3523 1271 3600 colligere

54 3598 245 3678 Xenophon,
280 3598 362 3677 quod
393 3599 424 3659 in
459 3598 530 3677 Cyri
564 3600 759 3662 institutione
789 3600 919 3662 dixerat.
975 3601 1057 3679 Ergo
1090 3604 1271 3668 concludere

55 3681 145 3746 nobis
168 3681 240 3743 lieet
263 3680 432 3744 Comment.
456 3681 475 3743 1.
499 3680 540 3744 lV
564 3686 636 3760 post
659 3681 884 3761 Cyropaediam
905 3684 1055 3764 scriptum
1078 3703 1156 3748 esse.

138 3786 358 3868 Temperantia
381 3786 575 3867 (ἐγκράτεια)
598 3787 743 3851 laudatur

303 3884 332 3938 in
351 3885 502 3940 Commeat.
756 3889 785 3941 et
804 3887 833 3940 in
851 3887 916 3954 (lyri
934 3887 1022 3942 instit.

329 3954 382 4033 IV,
408 3963 435 4035 ὃ,
450 3957 476 4019 1.
794 3956 867 4034 Vlll,
892 3957 918 4034 1,
943 3961 990 4020 32.

139 4051 184 4114 De
206 4053 307 4131 capite
329 4061 416 4118 sexto
440 4055 522 4134 quod
548 4055 688 4133 sequitur
702 4055 894 4117 Hartmanus
918 4056 962 4118 sic
986 4055 1104 4118 iudicat
1126 4057 1169 4128 (in
1185 4057 1266 4119 anal.

29 4137 32 4141 ’
55 4132 135 4196 Xen.
150 4135 242 4211 iili:
278 4133 396 4210 »Quum
421 4155 493 4200 vero
515 4137 663 4217 pleraque
685 4155 802 4216 eorum,
826 4156 905 4216 quae
927 4138 1029 4216 capite
1052 4138 1089 4199 Vl
1111 4137 1268 4218 leguntur,

57 4361 63 4373 .
126 4293 151 4363 1)
171 4296 201 4348 ln
220 4300 367 4351 comment.
386 4298 419 4352 de
437 4298 506 4352 Xen.
526 4300 678 4354 Commeat.
698 4301 770 4356 Socr.
789 4316 906 4371 compos,
924 4317 970 4369 pg.
986 4301 1049 4356 XVI
1066 4304 1094 4356 et
1112 4302 1267 4373 nuperrime

54 4380 84 4416 ru
102 4380 171 4418 mus.
190 4365 267 4421 rhen.
287 4367 353 4422 tom.
372 4364 407 4418 Ll
425 4386 470 4437 pg.
490 4369 540 4422 155
559 4385 597 4436 sq.
