2964 4980
56 502 167 549 amore
196 483 333 564 quodam
362 490 457 566 atque
487 483 592 549 favore
624 485 757 566 depingi.
802 486 924 551 Dicitur
952 486 1049 566 igitur
1073 485 1279 553 Antisthenes

57 568 199 633 Socratis
221 566 390 647 discipulus
413 570 455 645 (in
481 567 697 644 Conmentl,
715 570 756 647 3),
785 586 942 649 utinquam
974 587 1044 633 enm
1076 567 1206 648 reliquit
1235 570 1278 646 (in

60 651 233 714 Gomnrent.
248 649 296 726 ΙΙΙ,
315 656 358 724 ΙΙ,
372 649 434 796 lig,
460 668 528 712 cuin
553 668 589 712 eo
612 650 749 730 disputat
768 652 913 716 Socrates
930 652 967 715 de
982 652 1150 714 ardicorum
1173 652 1279 731 pretio

61 735 105 811 (in
130 734 214 797 Com.
237 731 375 812 ΙΙ,5,1),
423 739 561 795 ocratem
585 733 768 811 interrogat,
791 732 1058 814 curXanthippen
1077 751 1139 797 non
1157 734 1282 797 erudiat

62 819 105 894 lin
116 813 209 878 Conv.
224 811 259 884 ΙΙ,
275 819 334 892 lot,
349 816 471 879 videtur
483 832 615 891 negasse
628 815 776 879 virtutem
788 816 888 881 doceri
901 835 992 897 posse
1007 815 1049 892 (in
1062 813 1163 896 Conv,
1171 815 1206 895 11,
1223 818 1283 896 12),

63 913 249 1054 quarlrpyquapn
270 896 360 959 homo
381 915 500 978 pauper
519 903 576 974 est,
598 901 701 959 tamen
725 898 841 964 divitiis
860 900 1017 979 gloriatur
1032 897 1075 974 (in
1089 896 1185 961 Oonv.
1199 897 1246 978 ΙΙΙ
1265 903 1282 960 t

63 988 95 1043 et
157 983 246 1053 ,34.

144 1060 261 1125 Summi
286 1078 357 1122 vero
381 1061 530 1123 momenti
553 1067 613 1140 est,
635 1061 718 1139 quod
736 1062 907 1128 rectissime
927 1061 1149 1125 animadvertit
1163 1062 1283 1126 Joelius

65 1144 93 1205 in
123 1142 220 1220 libro,
256 1160 346 1222 quem
370 1160 464 1222 supra
490 1143 586 1205 citavi
610 1145 671 1223 (pg.
695 1145 777 1222 382),
809 1163 903 1208 unum
927 1145 1012 1207 illum
1039 1143 1156 1224 virum,
1190 1162 1282 1225 quem

65 1225 234 1304 Xenophon
265 1224 321 1287 sibi
352 1225 468 1286 iontem
501 1223 601 1287 fuisse
624 1226 783 1288 doetrinae
805 1226 982 1290 Socraticae
1006 1233 1228 1291 commemorat
1251 1227 1282 1290 in

66 1307 235 1451 Commfint.
256 1306 307 1384 IV,
323 1311 389 1383 8,4
411 1307 640 1385 Hermogenem
655 1307 688 1385 ¹),
712 1310 899 1387 permultum
921 1309 1034 1372 habere
1060 1308 1191 1372 rationis
1214 1327 1284 1372 cnm

67 1391 170 1453 Antist
194 1406 260 1451 ene.

145 1469 205 1534 His
238 1470 276 1532 de
298 1468 494 1532 Antisthenis
528 1471 592 1532 vita
626 1477 657 1532 et
688 1471 725 1533 de
748 1469 989 1550 consuetudine,
1021 1487 1117 1551 quam
1148 1471 1285 1536 habebat

68 1573 131 1618 cum
150 1551 374 1632 Xenophonte,
397 1553 576 1630 praemissis
605 1553 787 1616 accedamus
808 1555 927 1615 adrem
946 1553 1045 1632 ipsam
1069 1554 1284 1633 inspiciamus-

66 1655 122 1716 que
144 1634 339 1698 Antisthenis
362 1633 548 1713 doctrinam,
570 1635 646 1714 quid
669 1637 750 1714 apud
774 1634 1013 1716 Xenophontem
1036 1636 1185 1700 valuerit.

147 1719 199 1780 Sic
231 1724 336 1779 autem
371 1715 611 1795 disputationem
645 1724 784 1780 nostram
817 1719 1035 1798 disponamus,
1078 1725 1114 1782 ut
1149 1720 1284 1799 primum

65 1817 254 1880 quaeramus
302 1797 414 1878 quibus
442 1800 473 1860 in
497 1798 590 1862 rebus
613 1798 661 1862 hic
679 1801 904 1864 contradixerit
929 1800 1126 1881 Antistheni,
1162 1800 1284 1882 deinde,

64 1849 326 1962 quemadmodum
349 1899 417 1944 eum
440 1889 565 1945 secutus
588 1882 639 1944 sit.

650 2100 684 2163 B.

169 2224 198 2290 a.
239 2204 396 2283 Quibus
418 2208 455 2269 in
477 2205 601 2269 rebus
623 2206 843 2288 Xenophon
866 2207 1175 2272 contradixerit

542 2306 795 2370 Antistheni.

147 2435 302 2512 Quoniam
325 2435 498 2515 Xenophon
528 2454 588 2498 non
620 2435 794 2498 universam
819 2435 1013 2498 Antisthenis
1046 2434 1286 2518 philosophiam,

61 2519 116 2580 sed
142 2517 297 2598 quaedam
321 2523 443 2581 tantum
467 2518 532 2580 eins
554 2516 638 2581 dicta
663 2518 838 2598 vituperat,
868 2518 912 2581 ita
933 2517 1022 2582 nobis
1045 2519 1282 2598 procedendum

62 2599 191 2663 videtur
214 2617 292 2677 esse,
315 2609 348 2662 ut
370 2600 400 2662 in
423 2599 553 2679 singulis
566 2599 783 2680 Xenophontis
801 2600 927 2681 scriptis
941 2601 1134 2665 Antisthenis
1155 2602 1284 2669 demone

61 2687 200 2746 strennus
224 2681 504 2762 reprehensionem.
549 2683 656 2745 Liceat
678 2681 767 2746 nobis
798 2682 836 2745 ab
859 2684 896 2746 iis
925 2683 1077 2764 incipere,
1106 2702 1188 2764 quae
1208 2702 1285 2764 prae

61 2766 178 2828 ceteris
208 2763 409 2843 Xenophonti
441 2764 619 2845 philosophi
650 2783 759 2828 nomen
789 2770 1000 2845 paraverunt:
1031 2767 1171 2831 Socratis
1195 2767 1285 2831 Gom-

62 2847 235 2910 mentarios
258 2846 335 2910 dico.

170 2929 239 3004 Quo
284 2935 423 3006 ternpore
469 2927 643 3006 Xenophon
682 2927 1074 2992 Commentariorum
1117 2931 1284 3009 primam

60 3018 217 3090 partem
241 3010 355 3089 edidit,
387 3009 587 3091 Antisthenes
617 3015 703 3072 certe
727 3010 786 3071 iam
810 3007 905 3073 libros
928 3011 1115 3090 scripserat;
1152 3012 1286 3091 vestigia

61 3093 143 3156 euim
177 3093 350 3156 invenimus
383 3094 459 3156 satis
492 3092 657 3170 impressa,
690 3091 803 3173 quibus
836 3090 1074 3172 Xenophontem
1109 3092 1285 3173 improbare

61 3177 252 3239 sententiam
294 3175 430 3253 aliquam
465 3172 658 3237 Antisthenis
704 3176 822 3237 clarum
852 3171 918 3236 fiat.
983 3173 1130 3238 Defendit
1168 3174 1285 3239 scilicet

59 3256 237 3338 Xenophon
257 3257 287 3319 in
305 3257 479 3320 Comment.
497 3257 519 3333 Ι,
533 3261 561 3336 2,
574 3260 675 3319 9-48
687 3255 846 3319 Socratem
865 3275 884 3319 a
902 3256 1003 3336 legum
1027 3263 1059 3319 et
1078 3256 1123 3319 rei
1141 3256 1285 3338 publicae

63 3339 233 3419 despectu,
256 3357 347 3419 quem
370 3340 399 3401 in
423 3339 534 3401 animis
557 3337 804 3402 adulescentium
828 3339 975 3402 nutriisse
1000 3338 1122 3402 dixerat
1146 3339 1165 3401 ὅ
1186 3337 1285 3424 κατή-

59 3443 160 3500 γορος.
204 3422 326 3485 lustum
348 3440 416 3485 esse
439 3420 598 3499 concedit,
623 3423 705 3498 quod
729 3421 849 3483 crimini
871 3420 973 3484 detur.
1017 3421 1178 3486 Socratem
1203 3423 1284 3485 euim

59 3521 123 3567 non
158 3505 246 3584 prius
277 3502 446 3566 familiares
480 3519 555 3566 suos
589 3502 619 3563 in
653 3520 757 3565 rerum
788 3501 922 3564 civilium
955 3502 1085 3565 scientia
1115 3505 1284 3567 instituere

60 3585 210 3650 debuisse
233 3603 327 3667 quam
346 3586 441 3649 animi
463 3586 629 3648 sanitatem
652 3582 696 3646 illi
719 3583 911 3662 didicissent,
936 3585 1041 3664 pergit
1064 3585 1127 3648 sic:
1150 3586 1172 3666 Ι,
1186 3589 1214 3664 2,
1233 3590 1285 3649 17:

59 3666 123 3750 ἐγώ
146 3668 185 3730 δὲ
207 3670 290 3750 πρὸς
318 3671 415 3730 τοῦτο
443 3672 505 3748 μὲν
533 3665 607 3728 οὐκ
629 3664 843 3746 ἀντιλέγω·
873 3663 1004 3738 πάντας
1035 3665 1073 3727 tt
1094 3668 1170 3741 τούς
1191 3665 1285 3730 dodoi·
1328 3723 1330 3726 .

132 3862 158 3932 1)
177 3862 212 3916 de
230 3861 402 3941 Hermogene
423 3860 455 3914 cf.
475 3859 735 3912 Winckelmannum
754 3858 783 3911 in
803 3859 868 3911 Ant.
887 3858 969 3928 frgm.
989 3877 1037 3928 pg.
1054 3858 1088 3911 48
1108 3861 1201 3914 adnot.
1222 3861 1235 3914 l
1256 3863 1285 3915 et
1363 3868 1366 3872 “

59 3931 445 4000 Muellerum-Struebmgium
464 3928 494 3981 in
514 3928 592 3996 libro,
617 3927 660 3981 cui
677 3927 817 3998 inscripsit
835 3927 1042 3999 ,Aristophanes
1059 3929 1118 3982 und
1136 3930 1180 3984 die
1199 3929 1283 3984 histo·

60 4001 150 4056 rische
170 3999 273 4053 Kritik’
291 3999 319 4053 in
340 3998 491 4071 appendice
509 3997 544 4051 ad
562 4015 608 4066 pg.
625 3996 683 4050 697.
1030 4064 1035 4073 Ι

130 4069 204 4126 Satis
230 4069 325 4124 acerbe
344 4086 419 4123 more
442 4084 489 4121 suo
509 4067 687 4120 Antisthenes
706 4084 816 4120 eausam
842 4064 902 4133 agit
920 4082 1050 4136 pauperis
1069 4067 1151 4120 amici
1170 4068 1282 4122 Hermo-

59 4154 157 4206 genta.¹
179 4137 227 4206 qui
254 4139 366 4192 fratrem
395 4137 516 4191 habebat
540 4135 692 4188 ditisimum
711 4136 842 4197 Calliam,
871 4137 919 4188 sed
938 4135 1061 4188 omnium
1080 4154 1171 4190 rerum
1190 4137 1285 4207 inopia

60 4209 239 4276 premebatur
257 4208 322 4274 (vid.
342 4210 412 4263 Plat.
432 4206 536 4273 Cratyl.
556 4223 601 4273 pg.
621 4205 711 4259 3840.
730 4206 780 4258 386
792 4207 823 4258 A.
835 4205 865 4257 B.
885 4205 974 4260 3910.
993 4206 1064 4258 Xon.
1084 4211 1231 4260 comment.
1249 4209 1280 4270 ΙΙ,

62 4279 102 4342 10,
119 4280 157 4346 3).
194 4279 353 4345 Suspicatur
382 4279 413 4328 W
453 4277 481 4327 in
510 4274 621 4342 llratylo
649 4277 699 4325 sub
728 4274 907 4342 Hermogenis
939 4290 1056 4342 persona
1085 4277 1150 4329 Ant.
1178 4281 1283 4344 quaest.

59 4345 257 4416 grammaticas
275 4346 438 4402 examinari.

1059 4431 1076 4483 3
