<?xml version="1.0" encoding="UTF-8"?>
<!DOCTYPE html PUBLIC "-//W3C//DTD XHTML 1.0 Transitional//EN"
    "http://www.w3.org/TR/xhtml1/DTD/xhtml1-transitional.dtd">
<html xmlns="http://www.w3.org/1999/xhtml" xml:lang="en" lang="en">
 <head>
  <title>
</title>
<meta http-equiv="Content-Type" content="text/html;charset=utf-8" />
  <meta name='ocr-system' content='tesseract 3.04.00' />
  <meta name='ocr-capabilities' content='ocr_page ocr_carea ocr_par ocr_line ocrx_word'/>
</head>
<body>
  <div class='ocr_page' id='page_1' title='image "./quaestionesxeno00dahmgoog_0019.png"; bbox 0 0 2964 4980; ppageno 0'>
   <div class='ocr_carea' id='block_1_1' title="bbox 402 469 605 524">
    <p class='ocr_par' dir='ltr' id='par_1_1' title="bbox 402 469 605 524">
     <span class='ocr_line' id='line_1_1' title="bbox 402 469 605 524; baseline -0.005 0"><span class='ocrx_word' id='word_1_1' title='bbox 402 470 431 524; x_wconf 88' lang='lat' dir='ltr'><em>in</em></span> <span class='ocrx_word' id='word_1_2' title='bbox 449 469 605 524; x_wconf 77' lang='lat' dir='ltr'>comment.</span> 
     </span>
    </p>
   </div>
   <div class='ocr_carea' id='block_1_2' title="bbox 212 550 796 1448">
    <p class='ocr_par' dir='ltr' id='par_1_2' title="bbox 212 550 796 1448">
     <span class='ocr_line' id='line_1_2' title="bbox 213 550 790 622; baseline 0.007 -16"><span class='ocrx_word' id='word_1_3' title='bbox 213 557 372 622; x_wconf 80' lang='grc' dir='ltr'><em>φασκόντων</em></span> <span class='ocrx_word' id='word_1_4' title='bbox 399 557 574 622; x_wconf 78' lang='grc' dir='ltr'><em>φιλοσοφεῖν,</em></span> <span class='ocrx_word' id='word_1_5' title='bbox 609 550 651 608; x_wconf 85' lang='grc' dir='ltr'><em>ὅτι</em></span> <span class='ocrx_word' id='word_1_6' title='bbox 678 560 727 611; x_wconf 79' lang='grc' dir='ltr'><em>οὐκ</em></span> <span class='ocrx_word' id='word_1_7' title='bbox 755 557 790 610; x_wconf 73' lang='grc' dir='ltr'><em>ἄν</em></span> 
     </span>
     <span class='ocr_line' id='line_1_3' title="bbox 212 617 790 694; baseline 0.007 -19"><span class='ocrx_word' id='word_1_8' title='bbox 212 641 281 676; x_wconf 80' lang='grc' dir='ltr'><em>ποτε</em></span> <span class='ocrx_word' id='word_1_9' title='bbox 300 617 314 674; x_wconf 76' lang='lat'><em>0‘</em></span> <span class='ocrx_word' id='word_1_10' title='bbox 332 623 438 682; x_wconf 87' lang='grc' dir='ltr'><em>δίκαιος</em></span> <span class='ocrx_word' id='word_1_11' title='bbox 456 621 551 683; x_wconf 74' lang='grc' dir='ltr'><em>ἄδικος</em></span> <span class='ocrx_word' id='word_1_12' title='bbox 574 624 699 694; x_wconf 90' lang='grc' dir='ltr'><em>γένοιτο,</em></span> <span class='ocrx_word' id='word_1_13' title='bbox 728 625 790 678; x_wconf 81' lang='grc' dir='ltr'><em>οὐδὲ</em></span> 
     </span>
     <span class='ocr_line' id='line_1_4' title="bbox 213 686 789 764; baseline 0.007 -21"><span class='ocrx_word' id='word_1_14' title='bbox 213 686 228 743; x_wconf 80' lang='grc' dir='ltr'>ὅ</span> <span class='ocrx_word' id='word_1_15' title='bbox 247 695 359 764; x_wconf 81' lang='grc' dir='ltr'><em>σώφρων</em></span> <span class='ocrx_word' id='word_1_16' title='bbox 378 686 517 762; x_wconf 74' lang='grc' dir='ltr'><em>έβριστης,</em></span> <span class='ocrx_word' id='word_1_17' title='bbox 537 691 599 745; x_wconf 87' lang='grc' dir='ltr'><em>ου’δέ</em></span> <span class='ocrx_word' id='word_1_18' title='bbox 618 691 682 747; x_wconf 78' lang='grc' dir='ltr'><em>ἄλλο</em></span> <span class='ocrx_word' id='word_1_19' title='bbox 702 695 789 758; x_wconf 81' lang='grc' dir='ltr'><em>οὐδέν,</em></span> 
     </span>
     <span class='ocr_line' id='line_1_5' title="bbox 212 746 789 833; baseline 0.007 -21"><span class='ocrx_word' id='word_1_20' title='bbox 212 746 250 812; x_wconf 78' lang='grc' dir='ltr'><em>ὧν</em></span> <span class='ocrx_word' id='word_1_21' title='bbox 263 762 386 830; x_wconf 84' lang='grc' dir='ltr'><em>μάθησίς</em></span> <span class='ocrx_word' id='word_1_22' title='bbox 398 759 481 824; x_wconf 80' lang='grc' dir='ltr'><em>ἐστιν,</em></span> <span class='ocrx_word' id='word_1_23' title='bbox 500 755 515 813; x_wconf 83' lang='grc' dir='ltr'>ὅ</span> <span class='ocrx_word' id='word_1_24' title='bbox 527 758 630 831; x_wconf 79' lang='grc' dir='ltr'><em>μαθὼν</em></span> <span class='ocrx_word' id='word_1_25' title='bbox 646 759 789 833; x_wconf 75' lang='grc' dir='ltr'><em>ἀνεπιστη-</em></span> 
     </span>
     <span class='ocr_line' id='line_1_6' title="bbox 213 825 791 913; baseline 0.009 -33"><span class='ocrx_word' id='word_1_26' title='bbox 213 849 274 900; x_wconf 94' lang='grc' dir='ltr'><em>μων</em></span> <span class='ocrx_word' id='word_1_27' title='bbox 293 826 329 881; x_wconf 77' lang='grc' dir='ltr'><em>ἄν</em></span> <span class='ocrx_word' id='word_1_28' title='bbox 346 848 416 882; x_wconf 83' lang='grc' dir='ltr'><em>ποτε</em></span> <span class='ocrx_word' id='word_1_29' title='bbox 421 829 554 913; x_wconf 67' lang='grc' dir='ltr'><em>γένοιτο.</em></span> <span class='ocrx_word' id='word_1_30' title='bbox 590 825 659 898; x_wconf 82' lang='grc' dir='ltr'><em>Ἐγὼ</em></span> <span class='ocrx_word' id='word_1_31' title='bbox 678 831 707 884; x_wconf 82' lang='grc' dir='ltr'><em>δὲ</em></span> <span class='ocrx_word' id='word_1_32' title='bbox 725 834 791 902; x_wconf 83' lang='grc' dir='ltr'><em>περὶ</em></span> 
     </span>
     <span class='ocr_line' id='line_1_7' title="bbox 213 896 791 973; baseline 0.003 -24"><span class='ocrx_word' id='word_1_33' title='bbox 213 901 315 950; x_wconf 87' lang='grc' dir='ltr'><em>τούτων</em></span> <span class='ocrx_word' id='word_1_34' title='bbox 333 899 382 968; x_wconf 71' lang='grc' dir='ltr'><em>οὐχ</em></span> <span class='ocrx_word' id='word_1_35' title='bbox 400 915 472 950; x_wconf 90' lang='grc' dir='ltr'><em>ουτω</em></span> <span class='ocrx_word' id='word_1_36' title='bbox 489 901 640 967; x_wconf 84' lang='grc' dir='ltr'><em>γιγνώσκω</em></span> <span class='ocrx_word' id='word_1_37' title='bbox 663 896 717 973; x_wconf 79' lang='grc' dir='ltr'><em>6ρῶ</em></span> <span class='ocrx_word' id='word_1_38' title='bbox 735 899 791 971; x_wconf 80' lang='grc' dir='ltr'><em>γὰρ</em></span> 
     </span>
     <span class='ocr_line' id='line_1_8' title="bbox 213 960 792 1039; baseline 0.007 -22"><span class='ocrx_word' id='word_1_39' title='bbox 213 960 329 1039; x_wconf 82' lang='grc' dir='ltr'><em>ὥσπερ</em></span> <span class='ocrx_word' id='word_1_40' title='bbox 357 961 396 1019; x_wconf 79' lang='grc' dir='ltr'><em>τὰ</em></span> <span class='ocrx_word' id='word_1_41' title='bbox 424 965 488 1018; x_wconf 76' lang='grc' dir='ltr'><em>τοῦ</em></span> <span class='ocrx_word' id='word_1_42' title='bbox 516 963 680 1038; x_wconf 76' lang='grc' dir='ltr'><em>σώματος</em></span> <span class='ocrx_word' id='word_1_43' title='bbox 705 968 792 1039; x_wconf 82' lang='grc' dir='ltr'><em>ἔργα</em></span> 
     </span>
     <span class='ocr_line' id='line_1_9' title="bbox 214 1029 795 1105; baseline 0.005 -19"><span class='ocrx_word' id='word_1_44' title='bbox 214 1029 572 1105; x_wconf 75' lang='grc' dir='ltr'><em>τοὸςμὴτὰσώματα</em></span> <span class='ocrx_word' id='word_1_45' title='bbox 591 1030 795 1096; x_wconf 72' lang='grc' dir='ltr'><em>δοκοῦντας</em></span> 
     </span>
     <span class='ocr_line' id='line_1_10' title="bbox 214 1101 795 1173; baseline 0.01 -23"><span class='ocrx_word' id='word_1_46' title='bbox 214 1104 252 1155; x_wconf 76' lang='grc' dir='ltr'><em>οὐ</em></span> <span class='ocrx_word' id='word_1_47' title='bbox 277 1101 505 1173; x_wconf 76' lang='grc' dir='ltr'><em>δυναμένους</em></span> <span class='ocrx_word' id='word_1_48' title='bbox 530 1109 666 1168; x_wconf 79' lang='grc' dir='ltr'><em>ποιεῖν,</em></span> <span class='ocrx_word' id='word_1_49' title='bbox 704 1101 795 1158; x_wconf 73' lang='grc' dir='ltr'><em>οὕτω</em></span> 
     </span>
     <span class='ocr_line' id='line_1_11' title="bbox 215 1166 796 1255; baseline 0.007 -33"><span class='ocrx_word' id='word_1_50' title='bbox 215 1166 341 1223; x_wconf 80' lang='grc' dir='ltr'><em>καὶτὰ</em></span> <span class='ocrx_word' id='word_1_51' title='bbox 369 1172 431 1241; x_wconf 78' lang='grc' dir='ltr'><em>τῆς</em></span> <span class='ocrx_word' id='word_1_52' title='bbox 456 1170 570 1255; x_wconf 69' lang='grc' dir='ltr'><em>φυχῆς</em></span> <span class='ocrx_word' id='word_1_53' title='bbox 599 1171 686 1254; x_wconf 84' lang='grc' dir='ltr'><em>ἔργα</em></span> <span class='ocrx_word' id='word_1_54' title='bbox 712 1169 796 1232; x_wconf 76' lang='grc' dir='ltr'><em>τοὺς</em></span> 
     </span>
     <span class='ocr_line' id='line_1_12' title="bbox 213 1235 796 1311; baseline 0.005 -21"><span class='ocrx_word' id='word_1_55' title='bbox 213 1235 259 1310; x_wconf 70' lang='grc' dir='ltr'><em>μὴ</em></span> <span class='ocrx_word' id='word_1_56' title='bbox 290 1235 354 1309; x_wconf 76' lang='grc' dir='ltr'><em>τὴν</em></span> <span class='ocrx_word' id='word_1_57' title='bbox 381 1248 497 1311; x_wconf 79' lang='grc' dir='ltr'><em>ψυγην</em></span> <span class='ocrx_word' id='word_1_58' title='bbox 526 1241 728 1301; x_wconf 78' lang='grc' dir='ltr'><em>ἀσκουντας</em></span> <span class='ocrx_word' id='word_1_59' title='bbox 757 1237 796 1293; x_wconf 77' lang='grc' dir='ltr'><em>οδ</em></span> 
     </span>
     <span class='ocr_line' id='line_1_13' title="bbox 215 1304 795 1392; baseline 0.003 -33"><span class='ocrx_word' id='word_1_60' title='bbox 215 1307 451 1392; x_wconf 70' lang='grc' dir='ltr'><em>δυναμένρυς·</em></span> <span class='ocrx_word' id='word_1_61' title='bbox 472 1305 536 1362; x_wconf 72' lang='grc' dir='ltr'><em>οὔτε</em></span> <span class='ocrx_word' id='word_1_62' title='bbox 555 1304 609 1381; x_wconf 84' lang='grc' dir='ltr'><em>γὰρ</em></span> <span class='ocrx_word' id='word_1_63' title='bbox 626 1304 795 1381; x_wconf 74' lang='grc' dir='ltr'><em>ἂδεῐπριίτ-</em></span> 
     </span>
     <span class='ocr_line' id='line_1_14' title="bbox 216 1374 793 1448; baseline 0.007 -20"><span class='ocrx_word' id='word_1_64' title='bbox 216 1394 277 1429; x_wconf 78' lang='grc' dir='ltr'><em>τειν</em></span> <span class='ocrx_word' id='word_1_65' title='bbox 296 1374 360 1428; x_wconf 76' lang='grc' dir='ltr'><em>οὔτε</em></span> <span class='ocrx_word' id='word_1_66' title='bbox 370 1396 409 1429; x_wconf 94' lang='grc' dir='ltr'><em>ων</em></span> <span class='ocrx_word' id='word_1_67' title='bbox 422 1376 467 1429; x_wconf 81' lang='grc' dir='ltr'><em>δεῖ</em></span> <span class='ocrx_word' id='word_1_68' title='bbox 480 1377 636 1448; x_wconf 79' lang='grc' dir='ltr'><em>ἀπέχεσθαι</em></span> <span class='ocrx_word' id='word_1_69' title='bbox 651 1375 793 1433; x_wconf 87' lang='grc' dir='ltr'><em>δυ’νανται.</em></span> 
     </span>
    </p>
   </div>
   <div class='ocr_carea' id='block_1_3' title="bbox 214 1484 794 1624">
    <p class='ocr_par' dir='ltr' id='par_1_3' title="bbox 214 1484 794 1624">
     <span class='ocr_line' id='line_1_15' title="bbox 248 1484 794 1553; baseline 0.002 -15"><span class='ocrx_word' id='word_1_70' title='bbox 248 1485 305 1538; x_wconf 82' lang='lat' dir='ltr'><em>Rex</em></span> <span class='ocrx_word' id='word_1_71' title='bbox 324 1484 381 1539; x_wconf 82' lang='lat' dir='ltr'>sive</span> <span class='ocrx_word' id='word_1_72' title='bbox 398 1486 433 1549; x_wconf 83' lang='lat' dir='ltr'><em>io,</em></span> <span class='ocrx_word' id='word_1_73' title='bbox 452 1485 499 1553; x_wconf 91' lang='lat' dir='ltr'><em>qui</em></span> <span class='ocrx_word' id='word_1_74' title='bbox 518 1485 658 1541; x_wconf 79' lang='lat' dir='ltr'>civitatem</span> <span class='ocrx_word' id='word_1_75' title='bbox 678 1487 794 1541; x_wconf 84' lang='lat' dir='ltr'>admini-</span> 
     </span>
     <span class='ocr_line' id='line_1_16' title="bbox 214 1556 664 1624; baseline 0.007 -19"><span class='ocrx_word' id='word_1_76' title='bbox 214 1556 291 1617; x_wconf 79' lang='lat' dir='ltr'>strat,</span> <span class='ocrx_word' id='word_1_77' title='bbox 310 1571 372 1607; x_wconf 86' lang='lat' dir='ltr'><em>eum</em></span> <span class='ocrx_word' id='word_1_78' title='bbox 390 1557 498 1624; x_wconf 69' lang='lat' dir='ltr'>pastore</span> <span class='ocrx_word' id='word_1_79' title='bbox 517 1556 664 1608; x_wconf 79' lang='lat' dir='ltr'><strong>confertur.</strong></span> 
     </span>
    </p>
   </div>
   <div class='ocr_carea' id='block_1_4' title="bbox 216 1639 796 1946">
    <p class='ocr_par' dir='ltr' id='par_1_4' title="bbox 216 1639 796 1946">
     <span class='ocr_line' id='line_1_17' title="bbox 444 1639 570 1703; baseline 0.008 -12"><span class='ocrx_word' id='word_1_80' title='bbox 444 1640 464 1699; x_wconf 89' lang='grc' dir='ltr'><em>Ι,</em></span> <span class='ocrx_word' id='word_1_81' title='bbox 483 1640 508 1703; x_wconf 78' lang='lat'><em>2,</em></span> <span class='ocrx_word' id='word_1_82' title='bbox 528 1639 570 1692; x_wconf 74' lang='lat'><em>32.</em></span> 
     </span>
     <span class='ocr_line' id='line_1_18' title="bbox 251 1719 794 1797; baseline 0.002 -21"><span class='ocrx_word' id='word_1_83' title='bbox 251 1720 313 1776; x_wconf 78' lang='grc' dir='ltr'><em>εἶπέ</em></span> <span class='ocrx_word' id='word_1_84' title='bbox 329 1743 383 1776; x_wconf 90' lang='grc' dir='ltr'><em>που</em></span> <span class='ocrx_word' id='word_1_85' title='bbox 404 1719 418 1775; x_wconf 84' lang='grc' dir='ltr'><em>ὂ</em></span> <span class='ocrx_word' id='word_1_86' title='bbox 439 1723 603 1795; x_wconf 78' lang='grc' dir='ltr'><em>Σωκράτης,</em></span> <span class='ocrx_word' id='word_1_87' title='bbox 623 1719 666 1776; x_wconf 76' lang='grc' dir='ltr'><em>ὅτι</em></span> <span class='ocrx_word' id='word_1_88' title='bbox 685 1731 794 1797; x_wconf 90' lang='grc' dir='ltr'><em>θαυμα-</em></span> 
     </span>
     <span class='ocr_line' id='line_1_19' title="bbox 216 1788 796 1876; baseline 0.002 -32"><span class='ocrx_word' id='word_1_89' title='bbox 216 1791 282 1844; x_wconf 88' lang='grc' dir='ltr'><em>στόν</em></span> <span class='ocrx_word' id='word_1_90' title='bbox 307 1794 333 1844; x_wconf 80' lang='grc' dir='ltr'><em>οὶ</em></span> <span class='ocrx_word' id='word_1_91' title='bbox 358 1793 453 1876; x_wconf 74' lang='grc' dir='ltr'><em>δοκοίη</em></span> <span class='ocrx_word' id='word_1_92' title='bbox 473 1788 568 1876; x_wconf 45' lang='grc' dir='ltr'><em>Ιεῖναι,</em></span> <span class='ocrx_word' id='word_1_93' title='bbox 597 1793 691 1876; x_wconf 28' lang='grc' dir='ltr'><em>εἴρτις</em></span> <span class='ocrx_word' id='word_1_94' title='bbox 715 1791 796 1861; x_wconf 79' lang='grc' dir='ltr'><em>γενέ·</em></span> 
     </span>
     <span class='ocr_line' id='line_1_20' title="bbox 216 1862 795 1946; baseline 0.007 -35"><span class='ocrx_word' id='word_1_95' title='bbox 216 1879 304 1931; x_wconf 87' lang='grc' dir='ltr'><em>μενος</em></span> <span class='ocrx_word' id='word_1_96' title='bbox 327 1869 402 1946; x_wconf 56' lang='lat' dir='ltr'><em>foer</em></span> <span class='ocrx_word' id='word_1_97' title='bbox 427 1862 529 1930; x_wconf 84' lang='grc' dir='ltr'><em>αγελης</em></span> <span class='ocrx_word' id='word_1_98' title='bbox 557 1880 661 1944; x_wconf 79' lang='grc' dir='ltr'><em>νρμευς</em></span> <span class='ocrx_word' id='word_1_99' title='bbox 686 1881 711 1915; x_wconf 89' lang='grc' dir='ltr'><em>κ.</em></span> <span class='ocrx_word' id='word_1_100' title='bbox 730 1880 753 1916; x_wconf 90' lang='grc' dir='ltr'><em>τ.</em></span> <span class='ocrx_word' id='word_1_101' title='bbox 773 1863 795 1916; x_wconf 90' lang='grc' dir='ltr'><em>λ.</em></span> 
     </span>
    </p>
   </div>
   <div class='ocr_carea' id='block_1_5' title="bbox 218 1927 797 2069">
    <p class='ocr_par' dir='ltr' id='par_1_5' title="bbox 218 1927 797 2069">
     <span class='ocr_line' id='line_1_21' title="bbox 218 1927 797 2003; baseline 0 -21"><span class='ocrx_word' id='word_1_102' title='bbox 218 1968 296 1982; x_wconf 92' lang='grc'><strong>.....</strong></span> <span class='ocrx_word' id='word_1_103' title='bbox 323 1947 365 1982; x_wconf 80' lang='lat' dir='ltr'><em>eu</em></span> <span class='ocrx_word' id='word_1_104' title='bbox 391 1927 421 1981; x_wconf 80' lang='grc' dir='ltr'><em>δέ</em></span> <span class='ocrx_word' id='word_1_105' title='bbox 439 1935 685 2003; x_wconf 69' lang='grc' dir='ltr'><em>θαινμαστοτερον,</em></span> <span class='ocrx_word' id='word_1_106' title='bbox 712 1931 797 1989; x_wconf 83' lang='grc' dir='ltr'><em>εἴτις</em></span> 
     </span>
     <span class='ocr_line' id='line_1_22' title="bbox 218 1995 797 2069; baseline 0.003 -20"><span class='ocrx_word' id='word_1_107' title='bbox 218 1995 374 2069; x_wconf 72' lang='grc' dir='ltr'><em>προστάτης</em></span> <span class='ocrx_word' id='word_1_108' title='bbox 392 1995 547 2069; x_wconf 82' lang='grc' dir='ltr'><em>γενόμενος</em></span> <span class='ocrx_word' id='word_1_109' title='bbox 564 1996 669 2056; x_wconf 87' lang='grc' dir='ltr'><em>πόλεως</em></span> <span class='ocrx_word' id='word_1_110' title='bbox 689 2018 713 2052; x_wconf 91' lang='grc' dir='ltr'><em>κ.</em></span> <span class='ocrx_word' id='word_1_111' title='bbox 729 2017 753 2051; x_wconf 86' lang='grc' dir='ltr'><em>τ.</em></span> <span class='ocrx_word' id='word_1_112' title='bbox 773 2000 797 2052; x_wconf 91' lang='grc' dir='ltr'><em>λ.</em></span> 
     </span>
    </p>
   </div>
   <div class='ocr_carea' id='block_1_6' title="bbox 217 2120 798 2548">
    <p class='ocr_par' dir='ltr' id='par_1_6' title="bbox 217 2120 798 2548">
     <span class='ocr_line' id='line_1_23' title="bbox 253 2120 797 2192; baseline 0.006 -19"><span class='ocrx_word' id='word_1_113' title='bbox 253 2120 421 2176; x_wconf 82' lang='lat' dir='ltr'>Adferuntur</span> <span class='ocrx_word' id='word_1_114' title='bbox 430 2127 543 2188; x_wconf 73' lang='lat' dir='ltr'>sutores,</span> <span class='ocrx_word' id='word_1_115' title='bbox 552 2124 633 2192; x_wconf 72' lang='lat' dir='ltr'><strong>fabri,</strong></span> <span class='ocrx_word' id='word_1_116' title='bbox 644 2122 797 2178; x_wconf 76' lang='lat' dir='ltr'>architecti.</span> 
     </span>
     <span class='ocr_line' id='line_1_24' title="bbox 445 2208 571 2272; baseline 0.016 -12"><span class='ocrx_word' id='word_1_117' title='bbox 445 2208 465 2271; x_wconf 93' lang='grc' dir='ltr'><em>Ι,</em></span> <span class='ocrx_word' id='word_1_118' title='bbox 484 2210 508 2272; x_wconf 78' lang='grc'><em>2,</em></span> <span class='ocrx_word' id='word_1_119' title='bbox 529 2208 571 2262; x_wconf 80' lang='lat'><em>37.</em></span> 
     </span>
     <span class='ocr_line' id='line_1_25' title="bbox 254 2285 797 2376; baseline 0.013 -35"><span class='ocrx_word' id='word_1_120' title='bbox 254 2285 321 2342; x_wconf 80' lang='grc' dir='ltr'><em>α’λλὰ</em></span> <span class='ocrx_word' id='word_1_121' title='bbox 341 2291 428 2376; x_wconf 66' lang='grc' dir='ltr'><em>τγιῖνδέ</em></span> <span class='ocrx_word' id='word_1_122' title='bbox 445 2295 488 2346; x_wconf 89' lang='grc' dir='ltr'><em>τοί</em></span> <span class='ocrx_word' id='word_1_123' title='bbox 503 2312 534 2347; x_wconf 90' lang='grc' dir='ltr'><em>σε</em></span> <span class='ocrx_word' id='word_1_124' title='bbox 552 2289 716 2366; x_wconf 78' lang='grc' dir='ltr'><em>α’πέχεσθαι,</em></span> <span class='ocrx_word' id='word_1_125' title='bbox 736 2294 797 2365; x_wconf 85' lang='grc' dir='ltr'><em>ἔφη,</em></span> 
     </span>
     <span class='ocr_line' id='line_1_26' title="bbox 218 2357 798 2445; baseline 0.01 -35"><span class='ocrx_word' id='word_1_126' title='bbox 218 2357 326 2445; x_wconf 66' lang='grc' dir='ltr'><em>δεησει,</em></span> <span class='ocrx_word' id='word_1_127' title='bbox 339 2380 361 2411; x_wconf 94' lang='grc' dir='ltr'><em>ω</em></span> <span class='ocrx_word' id='word_1_128' title='bbox 379 2359 536 2445; x_wconf 77' lang='grc' dir='ltr'><em>Σώκρατες,</em></span> <span class='ocrx_word' id='word_1_129' title='bbox 555 2362 621 2415; x_wconf 79' lang='grc' dir='ltr'><em>τῶν</em></span> <span class='ocrx_word' id='word_1_130' title='bbox 640 2363 798 2443; x_wconf 64' lang='grc' dir='ltr'><em>σκυτέων</em></span> 
     </span>
     <span class='ocr_line' id='line_1_27' title="bbox 218 2433 797 2510; baseline 0.01 -32"><span class='ocrx_word' id='word_1_131' title='bbox 218 2446 265 2510; x_wconf 73' lang='grc' dir='ltr'><em>και</em></span> <span class='ocrx_word' id='word_1_132' title='bbox 283 2445 351 2481; x_wconf 89' lang='grc' dir='ltr'><em>των</em></span> <span class='ocrx_word' id='word_1_133' title='bbox 370 2447 554 2483; x_wconf 82' lang='grc' dir='ltr'><em>σεκτονων</em></span> <span class='ocrx_word' id='word_1_134' title='bbox 572 2433 620 2484; x_wconf 84' lang='grc' dir='ltr'><em>καὶ</em></span> <span class='ocrx_word' id='word_1_135' title='bbox 645 2450 707 2483; x_wconf 89' lang='grc' dir='ltr'><em>των</em></span> <span class='ocrx_word' id='word_1_136' title='bbox 721 2434 797 2503; x_wconf 79' lang='grc' dir='ltr'><em>γαλ-</em></span> 
     </span>
     <span class='ocr_line' id='line_1_28' title="bbox 217 2513 313 2548; baseline 0.01 -1"><span class='ocrx_word' id='word_1_137' title='bbox 217 2513 313 2548; x_wconf 80' lang='grc' dir='ltr'><em>κέων.</em></span> 
     </span>
    </p>
   </div>
   <div class='ocr_carea' id='block_1_7' title="bbox 839 470 1427 1158">
    <p class='ocr_par' dir='ltr' id='par_1_7' title="bbox 1020 470 1238 537">
     <span class='ocr_line' id='line_1_29' title="bbox 1020 470 1238 537; baseline 0.005 -15"><span class='ocrx_word' id='word_1_138' title='bbox 1020 471 1049 523; x_wconf 90' lang='lat' dir='ltr'><em>in</em></span> <span class='ocrx_word' id='word_1_139' title='bbox 1068 471 1133 537; x_wconf 84' lang='lat' dir='ltr'>Cyri</span> <span class='ocrx_word' id='word_1_140' title='bbox 1151 470 1238 523; x_wconf 75' lang='lat' dir='ltr'>instit.</span> 
     </span>
    </p>

    <p class='ocr_par' dir='ltr' id='par_1_8' title="bbox 839 553 1427 1158">
     <span class='ocr_line' id='line_1_30' title="bbox 839 553 1424 629; baseline -0.003 -20"><span class='ocrx_word' id='word_1_141' title='bbox 839 560 1023 629; x_wconf 74' lang='grc' dir='ltr'><em>ἀμεληθεῖσαι</em></span> <span class='ocrx_word' id='word_1_142' title='bbox 1041 557 1155 626; x_wconf 81' lang='grc' dir='ltr'><em>μείονος</em></span> <span class='ocrx_word' id='word_1_143' title='bbox 1174 553 1248 612; x_wconf 77' lang='grc' dir='ltr'><em>ἄξιαι</em></span> <span class='ocrx_word' id='word_1_144' title='bbox 1265 557 1424 623; x_wconf 63' lang='grc' dir='ltr'><em>γίγνονται,</em></span> 
     </span>
     <span class='ocr_line' id='line_1_31' title="bbox 839 611 1424 695; baseline -0.009 -17"><span class='ocrx_word' id='word_1_145' title='bbox 839 628 886 678; x_wconf 89' lang='grc' dir='ltr'><strong><em>καί</em></strong></span> <span class='ocrx_word' id='word_1_146' title='bbox 905 621 1152 695; x_wconf 79' lang='grc' dir='ltr'><em>τὰσώματὰγε</em></span> <span class='ocrx_word' id='word_1_147' title='bbox 1172 611 1424 693; x_wconf 73' lang='grc' dir='ltr'><em>τὰεῧέχοντα,</em></span> 
     </span>
     <span class='ocr_line' id='line_1_32' title="bbox 840 687 1423 764; baseline -0.007 -17"><span class='ocrx_word' id='word_1_148' title='bbox 840 691 971 747; x_wconf 80' lang='grc' dir='ltr'><em>ὁπόταν</em></span> <span class='ocrx_word' id='word_1_149' title='bbox 999 711 1040 751; x_wconf 90' lang='grc' dir='ltr'><em>τις</em></span> <span class='ocrx_word' id='word_1_150' title='bbox 1067 687 1158 744; x_wconf 82' lang='grc' dir='ltr'><em>αὐτὰ</em></span> <span class='ocrx_word' id='word_1_151' title='bbox 1188 691 1250 764; x_wconf 76' lang='grc' dir='ltr'><em>ἀνῇ</em></span> <span class='ocrx_word' id='word_1_152' title='bbox 1278 688 1338 743; x_wconf 83' lang='grc' dir='ltr'><em>ἐπὶ</em></span> <span class='ocrx_word' id='word_1_153' title='bbox 1372 694 1423 762; x_wconf 74' lang='grc' dir='ltr'><em>ῥᾳ-</em></span> 
     </span>
     <span class='ocr_line' id='line_1_33' title="bbox 840 759 1425 833; baseline -0.009 -18"><span class='ocrx_word' id='word_1_154' title='bbox 840 764 1047 833; x_wconf 86' lang='grc' dir='ltr'><em>διουργίαν,</em></span> <span class='ocrx_word' id='word_1_155' title='bbox 1082 763 1205 831; x_wconf 71' lang='grc' dir='ltr'><em>πονήρως</em></span> <span class='ocrx_word' id='word_1_156' title='bbox 1240 761 1325 812; x_wconf 78' lang='grc' dir='ltr'><em>πάλιν</em></span> <span class='ocrx_word' id='word_1_157' title='bbox 1360 759 1425 831; x_wconf 79' lang='grc' dir='ltr'><em>ἔχει,</em></span> 
     </span>
     <span class='ocr_line' id='line_1_34' title="bbox 842 823 1423 915; baseline -0.01 -31"><span class='ocrx_word' id='word_1_158' title='bbox 842 827 912 884; x_wconf 78' lang='grc' dir='ltr'><em>οὕτω</em></span> <span class='ocrx_word' id='word_1_159' title='bbox 931 832 978 882; x_wconf 86' lang='grc' dir='ltr'><em>καί</em></span> <span class='ocrx_word' id='word_1_160' title='bbox 999 824 1013 915; x_wconf 67' lang='grc' dir='ltr'><em>η’</em></span> <span class='ocrx_word' id='word_1_161' title='bbox 1032 832 1192 900; x_wconf 81' lang='grc' dir='ltr'><em>σωφροσύνη</em></span> <span class='ocrx_word' id='word_1_162' title='bbox 1216 830 1263 880; x_wconf 82' lang='grc' dir='ltr'><em>καὶ</em></span> <span class='ocrx_word' id='word_1_163' title='bbox 1290 823 1305 897; x_wconf 74' lang='grc' dir='ltr'><strong><em>ἦ</em></strong></span> <span class='ocrx_word' id='word_1_164' title='bbox 1326 825 1423 899; x_wconf 84' lang='grc' dir='ltr'><em>έγκριὶ-</em></span> 
     </span>
     <span class='ocr_line' id='line_1_35' title="bbox 842 894 1424 969; baseline -0.01 -16"><span class='ocrx_word' id='word_1_165' title='bbox 842 919 904 953; x_wconf 86' lang='grc' dir='ltr'><em>τεια</em></span> <span class='ocrx_word' id='word_1_166' title='bbox 923 902 970 951; x_wconf 83' lang='grc' dir='ltr'><em>καί</em></span> <span class='ocrx_word' id='word_1_167' title='bbox 995 920 1010 969; x_wconf 91' lang='grc' dir='ltr'><em>η</em></span> <span class='ocrx_word' id='word_1_168' title='bbox 1030 900 1115 968; x_wconf 77' lang='grc' dir='ltr'><em>ἄλκη,</em></span> <span class='ocrx_word' id='word_1_169' title='bbox 1142 894 1280 949; x_wconf 85' lang='grc' dir='ltr'><em>ὁπόταν</em></span> <span class='ocrx_word' id='word_1_170' title='bbox 1299 915 1355 955; x_wconf 86' lang='grc' dir='ltr'><em>τις</em></span> <span class='ocrx_word' id='word_1_171' title='bbox 1374 899 1424 948; x_wconf 82' lang='grc' dir='ltr'><em>αὐ·</em></span> 
     </span>
     <span class='ocr_line' id='line_1_36' title="bbox 842 962 1427 1042; baseline -0.007 -22"><span class='ocrx_word' id='word_1_172' title='bbox 842 968 911 1020; x_wconf 82' lang='grc' dir='ltr'><em>τοῖν</em></span> <span class='ocrx_word' id='word_1_173' title='bbox 936 968 1000 1042; x_wconf 73' lang='grc' dir='ltr'><em>ἀνῇ</em></span> <span class='ocrx_word' id='word_1_174' title='bbox 1026 963 1088 1036; x_wconf 75' lang='grc' dir='ltr'><em>τὴν</em></span> <span class='ocrx_word' id='word_1_175' title='bbox 1112 963 1281 1034; x_wconf 76' lang='grc' dir='ltr'><em>ἄσκησιν,</em></span> <span class='ocrx_word' id='word_1_176' title='bbox 1308 962 1341 1017; x_wconf 84' lang='grc' dir='ltr'><em>ἐκ</em></span> <span class='ocrx_word' id='word_1_177' title='bbox 1367 963 1427 1016; x_wconf 79' lang='grc' dir='ltr'><em>τού·</em></span> 
     </span>
     <span class='ocr_line' id='line_1_37' title="bbox 845 1032 1426 1106; baseline -0.003 -18"><span class='ocrx_word' id='word_1_178' title='bbox 845 1056 892 1089; x_wconf 86' lang='grc' dir='ltr'><em>του</em></span> <span class='ocrx_word' id='word_1_179' title='bbox 912 1035 963 1094; x_wconf 82' lang='grc' dir='ltr'><em>εἰς</em></span> <span class='ocrx_word' id='word_1_180' title='bbox 983 1055 1037 1106; x_wconf 87' lang='grc' dir='ltr'><em>την</em></span> <span class='ocrx_word' id='word_1_181' title='bbox 1054 1036 1237 1106; x_wconf 84' lang='grc' dir='ltr'><em>πονηρίαν</em></span> <span class='ocrx_word' id='word_1_182' title='bbox 1249 1034 1337 1085; x_wconf 75' lang='grc' dir='ltr'><em>πάλιν</em></span> <span class='ocrx_word' id='word_1_183' title='bbox 1357 1032 1426 1104; x_wconf 88' lang='grc' dir='ltr'><em>τρέ-</em></span> 
     </span>
     <span class='ocr_line' id='line_1_38' title="bbox 843 1123 963 1158; baseline -0.008 -1"><span class='ocrx_word' id='word_1_184' title='bbox 843 1123 963 1158; x_wconf 84' lang='grc' dir='ltr'><em>πεται.</em></span> 
     </span>
    </p>
   </div>
   <div class='ocr_carea' id='block_1_8' title="bbox 845 1640 1431 2002">
    <p class='ocr_par' dir='ltr' id='par_1_9' title="bbox 845 1640 1431 2002">
     <span class='ocr_line' id='line_1_39' title="bbox 1046 1640 1221 1704; baseline -0.006 -13"><span class='ocrx_word' id='word_1_185' title='bbox 1046 1641 1118 1704; x_wconf 87' lang='lat' dir='ltr'><strong>VIII,</strong></span> <span class='ocrx_word' id='word_1_186' title='bbox 1137 1642 1161 1703; x_wconf 71' lang='lat'><em>⁶2,</em></span> <span class='ocrx_word' id='word_1_187' title='bbox 1182 1640 1221 1691; x_wconf 87' lang='lat'><em>14.</em></span> 
     </span>
     <span class='ocr_line' id='line_1_40' title="bbox 880 1719 1430 1806; baseline -0.011 -27"><span class='ocrx_word' id='word_1_188' title='bbox 880 1729 926 1780; x_wconf 87' lang='grc' dir='ltr'><strong><em>καί</em></strong></span> <span class='ocrx_word' id='word_1_189' title='bbox 944 1724 1027 1795; x_wconf 83' lang='grc' dir='ltr'><em>λόγος</em></span> <span class='ocrx_word' id='word_1_190' title='bbox 1044 1721 1132 1777; x_wconf 79' lang='grc' dir='ltr'><em>αέτοῦ</em></span> <span class='ocrx_word' id='word_1_191' title='bbox 1151 1723 1234 1790; x_wconf 82' lang='lat' dir='ltr'><strong>(Gyri)</strong></span> <span class='ocrx_word' id='word_1_192' title='bbox 1264 1719 1430 1806; x_wconf 67' lang='grc' dir='ltr'><em>ιζπομνημο·</em></span> 
     </span>
     <span class='ocr_line' id='line_1_41' title="bbox 845 1791 1429 1874; baseline -0.012 -26"><span class='ocrx_word' id='word_1_193' title='bbox 845 1793 958 1848; x_wconf 67' lang='grc' dir='ltr'><em>νειῖεται</em></span> <span class='ocrx_word' id='word_1_194' title='bbox 982 1791 1018 1854; x_wconf 80' lang='grc' dir='ltr'><em>ὡς</em></span> <span class='ocrx_word' id='word_1_195' title='bbox 1041 1793 1118 1862; x_wconf 90' lang='grc' dir='ltr'><em>λέγοι</em></span> <span class='ocrx_word' id='word_1_196' title='bbox 1150 1792 1327 1872; x_wconf 78' lang='grc' dir='ltr'><em>παραπλησια</em></span> <span class='ocrx_word' id='word_1_197' title='bbox 1358 1810 1429 1874; x_wconf 84' lang='grc' dir='ltr'><em>εργα</em></span> 
     </span>
     <span class='ocr_line' id='line_1_42' title="bbox 846 1861 1431 1933; baseline -0.014 -16"><span class='ocrx_word' id='word_1_198' title='bbox 846 1861 918 1917; x_wconf 82' lang='grc' dir='ltr'><em>εἶναι</em></span> <span class='ocrx_word' id='word_1_199' title='bbox 948 1863 1053 1933; x_wconf 82' lang='grc' dir='ltr'><em>νομέως</em></span> <span class='ocrx_word' id='word_1_200' title='bbox 1082 1865 1193 1931; x_wconf 78' lang='grc' dir='ltr'><em>δγαθου</em></span> <span class='ocrx_word' id='word_1_201' title='bbox 1222 1861 1269 1911; x_wconf 83' lang='grc' dir='ltr'><em>καὶ</em></span> <span class='ocrx_word' id='word_1_202' title='bbox 1296 1862 1431 1926; x_wconf 80' lang='grc' dir='ltr'><em>βασιλεως</em></span> 
     </span>
     <span class='ocr_line' id='line_1_43' title="bbox 846 1928 1088 2002; baseline 0.004 -18"><span class='ocrx_word' id='word_1_203' title='bbox 846 1928 959 2002; x_wconf 76' lang='grc' dir='ltr'><em>ιῖγαθοῦ</em></span> <span class='ocrx_word' id='word_1_204' title='bbox 977 1951 1002 1985; x_wconf 90' lang='grc' dir='ltr'><em>κ.</em></span> <span class='ocrx_word' id='word_1_205' title='bbox 1022 1949 1045 1984; x_wconf 92' lang='grc' dir='ltr'><em>τ.</em></span> <span class='ocrx_word' id='word_1_206' title='bbox 1065 1932 1088 1985; x_wconf 90' lang='grc' dir='ltr'><em>λ.</em></span> 
     </span>
    </p>
   </div>
   <div class='ocr_carea' id='block_1_9' title="bbox 844 2203 1433 2569">
    <p class='ocr_par' dir='ltr' id='par_1_10' title="bbox 844 2203 1433 2569">
     <span class='ocr_line' id='line_1_44' title="bbox 1059 2203 1210 2265; baseline 0.007 -11"><span class='ocrx_word' id='word_1_207' title='bbox 1059 2203 1106 2265; x_wconf 87' lang='lat' dir='ltr'><em>VI,</em></span> <span class='ocrx_word' id='word_1_208' title='bbox 1125 2203 1150 2264; x_wconf 67' lang='lat'><em>⁴2,</em></span> <span class='ocrx_word' id='word_1_209' title='bbox 1168 2204 1210 2255; x_wconf 79' lang='lat'><em>37.</em></span> 
     </span>
     <span class='ocr_line' id='line_1_45' title="bbox 881 2284 1433 2365; baseline 0.004 -24"><span class='ocrx_word' id='word_1_210' title='bbox 881 2287 936 2347; x_wconf 77' lang='grc' dir='ltr'><em>ἄξω</em></span> <span class='ocrx_word' id='word_1_211' title='bbox 954 2289 984 2342; x_wconf 82' lang='grc' dir='ltr'><em>δὲ</em></span> <span class='ocrx_word' id='word_1_212' title='bbox 1002 2290 1048 2341; x_wconf 88' lang='grc' dir='ltr'><em>καὶ</em></span> <span class='ocrx_word' id='word_1_213' title='bbox 1067 2285 1132 2346; x_wconf 67' lang='grc' dir='ltr'><em>τοὺς</em></span> <span class='ocrx_word' id='word_1_214' title='bbox 1146 2284 1177 2340; x_wconf 85' lang='grc' dir='ltr'><em>έν</em></span> <span class='ocrx_word' id='word_1_215' title='bbox 1192 2288 1225 2363; x_wconf 80' lang='grc' dir='ltr'><em>τῇ</em></span> <span class='ocrx_word' id='word_1_216' title='bbox 1243 2291 1433 2365; x_wconf 73' lang='grc' dir='ltr'><em>στρατιωτικῇ</em></span> 
     </span>
     <span class='ocr_line' id='line_1_46' title="bbox 848 2351 1432 2429; baseline -0.003 -17"><span class='ocrx_word' id='word_1_217' title='bbox 848 2354 941 2429; x_wconf 78' lang='grc' dir='ltr'><em>ἡλικίᾳ</em></span> <span class='ocrx_word' id='word_1_218' title='bbox 959 2354 1009 2411; x_wconf 75' lang='grc' dir='ltr'><em>οὖν</em></span> <span class='ocrx_word' id='word_1_219' title='bbox 1035 2363 1093 2416; x_wconf 88' lang='grc' dir='ltr'><em>τοῖς</em></span> <span class='ocrx_word' id='word_1_220' title='bbox 1118 2351 1249 2428; x_wconf 76' lang='grc' dir='ltr'><em>ὅργανοις</em></span> <span class='ocrx_word' id='word_1_221' title='bbox 1270 2359 1432 2428; x_wconf 84' lang='grc' dir='ltr'><em>χαλκέας</em></span> 
     </span>
     <span class='ocr_line' id='line_1_47' title="bbox 847 2426 1432 2483; baseline 0 -3"><span class='ocrx_word' id='word_1_222' title='bbox 847 2430 949 2482; x_wconf 80' lang='grc' dir='ltr'><em>τεκαὶ</em></span> <span class='ocrx_word' id='word_1_223' title='bbox 976 2426 1150 2483; x_wconf 82' lang='grc' dir='ltr'><em>τέκτονας</em></span> <span class='ocrx_word' id='word_1_224' title='bbox 1178 2428 1237 2478; x_wconf 85' lang='grc' dir='ltr'><em>καὶ</em></span> <span class='ocrx_word' id='word_1_225' title='bbox 1264 2426 1432 2480; x_wconf 84' lang='grc' dir='ltr'><em>σκυτοτό-</em></span> 
     </span>
     <span class='ocr_line' id='line_1_48' title="bbox 844 2517 941 2569; baseline 0.01 -19"><span class='ocrx_word' id='word_1_226' title='bbox 844 2517 941 2569; x_wconf 71' lang='grc' dir='ltr'><em>μους</em></span> 
     </span>
    </p>
   </div>
   <div class='ocr_carea' id='block_1_10' title="bbox 289 2627 1431 2701">
    <p class='ocr_par' dir='ltr' id='par_1_11' title="bbox 289 2627 1431 2701">
     <span class='ocr_line' id='line_1_49' title="bbox 289 2627 1431 2701; baseline -0.007 -13"><span class='ocrx_word' id='word_1_227' title='bbox 289 2629 489 2697; x_wconf 72' lang='lat' dir='ltr'>colloquuntur</span> <span class='ocrx_word' id='word_1_228' title='bbox 507 2629 652 2699; x_wconf 76' lang='lat' dir='ltr'>Cambyses</span> <span class='ocrx_word' id='word_1_229' title='bbox 675 2634 754 2701; x_wconf 78' lang='lat' dir='ltr'>pater</span> <span class='ocrx_word' id='word_1_230' title='bbox 777 2634 806 2686; x_wconf 86' lang='lat' dir='ltr'><em>et</em></span> <span class='ocrx_word' id='word_1_231' title='bbox 824 2632 909 2700; x_wconf 80' lang='lat' dir='ltr'><strong>cyrus</strong></span> <span class='ocrx_word' id='word_1_232' title='bbox 927 2631 996 2685; x_wconf 79' lang='lat' dir='ltr'>filius</span> <span class='ocrx_word' id='word_1_233' title='bbox 1017 2632 1051 2686; x_wconf 89' lang='lat' dir='ltr'><em>de</em></span> <span class='ocrx_word' id='word_1_234' title='bbox 1076 2630 1136 2684; x_wconf 86' lang='lat' dir='ltr'>diis.</span> <span class='ocrx_word' id='word_1_235' title='bbox 1175 2627 1362 2682; x_wconf 80' lang='lat' dir='ltr'>Meministine</span> <span class='ocrx_word' id='word_1_236' title='bbox 1381 2628 1431 2696; x_wconf 85' lang='lat' dir='ltr'>fili,</span> 
     </span>
    </p>
   </div>
   <div class='ocr_carea' id='block_1_11' title="bbox 216 2781 308 2821">
    <p class='ocr_par' dir='ltr' id='par_1_12' title="bbox 216 2781 308 2821">
     <span class='ocr_line' id='line_1_50' title="bbox 216 2781 308 2821; baseline 0.022 -2"><span class='ocrx_word' id='word_1_237' title='bbox 216 2781 308 2821; x_wconf 64' lang='grc'><strong>68868</strong></span> 
     </span>
    </p>
   </div>
   <div class='ocr_carea' id='block_1_12' title="bbox 221 2875 802 3098">
    <p class='ocr_par' dir='ltr' id='par_1_13' title="bbox 221 2875 802 3098">
     <span class='ocr_line' id='line_1_51' title="bbox 304 2875 708 2940; baseline 0.005 -12"><span class='ocrx_word' id='word_1_238' title='bbox 304 2876 325 2929; x_wconf 94' lang='lat' dir='ltr'><em>I.</em></span> <span class='ocrx_word' id='word_1_239' title='bbox 343 2876 368 2940; x_wconf 84' lang='lat'><em>3,</em></span> <span class='ocrx_word' id='word_1_240' title='bbox 385 2879 401 2929; x_wconf 81' lang='lat'><strong>2</strong></span> <span class='ocrx_word' id='word_1_241' title='bbox 418 2876 453 2930; x_wconf 81' lang='lat' dir='ltr'><em>do</em></span> <span class='ocrx_word' id='word_1_242' title='bbox 471 2875 582 2930; x_wconf 78' lang='lat' dir='ltr'>Socrate</span> <span class='ocrx_word' id='word_1_243' title='bbox 600 2876 708 2931; x_wconf 81' lang='lat' dir='ltr'>dieitur.</span> 
     </span>
     <span class='ocr_line' id='line_1_52' title="bbox 253 2957 802 3046; baseline 0.004 -34"><span class='ocrx_word' id='word_1_244' title='bbox 253 2962 305 3043; x_wconf 73' lang='lat' dir='ltr'><em>³mot</em></span> <span class='ocrx_word' id='word_1_245' title='bbox 331 2959 427 3046; x_wconf 75' lang='grc' dir='ltr'><em>εὔγετο</em></span> <span class='ocrx_word' id='word_1_246' title='bbox 451 2961 481 3045; x_wconf 76' lang='grc' dir='ltr'><em>δὲ</em></span> <span class='ocrx_word' id='word_1_247' title='bbox 504 2957 574 3034; x_wconf 77' lang='grc' dir='ltr'><em>πρὸς</em></span> <span class='ocrx_word' id='word_1_248' title='bbox 598 2960 685 3022; x_wconf 81' lang='grc' dir='ltr'><em>θεοὺς</em></span> <span class='ocrx_word' id='word_1_249' title='bbox 711 2957 802 3022; x_wconf 80' lang='grc' dir='ltr'><em>οἶπλοῖς</em></span> 
     </span>
     <span class='ocr_line' id='line_1_53' title="bbox 221 3030 540 3098; baseline 0.009 -18"><span class='ocrx_word' id='word_1_250' title='bbox 221 3036 365 3098; x_wconf 87' lang='grc' dir='ltr'><em>ταγαθα</em></span> <span class='ocrx_word' id='word_1_251' title='bbox 385 3030 540 3084; x_wconf 90' lang='grc' dir='ltr'><em>διδοναι.</em></span> 
     </span>
    </p>
   </div>
   <div class='ocr_carea' id='block_1_13' title="bbox 221 3522 802 3648">
    <p class='ocr_par' dir='ltr' id='par_1_14' title="bbox 221 3522 802 3648">
     <span class='ocr_line' id='line_1_54' title="bbox 255 3522 802 3590; baseline 0.004 -14"><span class='ocrx_word' id='word_1_252' title='bbox 255 3524 338 3578; x_wconf 83' lang='lat' dir='ltr'><strong>Fame</strong></span> <span class='ocrx_word' id='word_1_253' title='bbox 356 3526 499 3590; x_wconf 77' lang='lat' dir='ltr'>tamquam</span> <span class='ocrx_word' id='word_1_254' title='bbox 524 3522 637 3578; x_wconf 78' lang='lat' dir='ltr'>obsonio</span> <span class='ocrx_word' id='word_1_255' title='bbox 664 3541 726 3577; x_wconf 81' lang='lat' dir='ltr'>usus</span> <span class='ocrx_word' id='word_1_256' title='bbox 746 3541 802 3578; x_wconf 79' lang='lat' dir='ltr'>esee</span> 
     </span>
     <span class='ocr_line' id='line_1_55' title="bbox 221 3592 471 3648; baseline 0.008 -4"><span class='ocrx_word' id='word_1_257' title='bbox 221 3592 345 3648; x_wconf 70' lang='lat' dir='ltr'>Socraten</span> <span class='ocrx_word' id='word_1_258' title='bbox 362 3592 471 3646; x_wconf 86' lang='lat' dir='ltr'>dieitur.</span> 
     </span>
    </p>
   </div>
   <div class='ocr_carea' id='block_1_14' title="bbox 224 3677 807 4091">
    <p class='ocr_par' dir='ltr' id='par_1_15' title="bbox 224 3677 807 4091">
     <span class='ocr_line' id='line_1_56' title="bbox 458 3677 565 3744; baseline 0 -16"><span class='ocrx_word' id='word_1_259' title='bbox 458 3677 478 3740; x_wconf 94' lang='lat' dir='ltr'><em>I,</em></span> <span class='ocrx_word' id='word_1_260' title='bbox 498 3679 522 3744; x_wconf 88' lang='grc'><em>3,</em></span> <span class='ocrx_word' id='word_1_261' title='bbox 541 3677 565 3728; x_wconf 87' lang='grc'><em>5.</em></span> 
     </span>
     <span class='ocr_line' id='line_1_57' title="bbox 261 3757 806 3836; baseline 0.004 -22"><span class='ocrx_word' id='word_1_262' title='bbox 261 3764 325 3833; x_wconf 82' lang='grc' dir='ltr'><em>σίτῳ</em></span> <span class='ocrx_word' id='word_1_263' title='bbox 342 3761 397 3834; x_wconf 85' lang='grc' dir='ltr'><em>μέν</em></span> <span class='ocrx_word' id='word_1_264' title='bbox 415 3757 470 3834; x_wconf 83' lang='grc' dir='ltr'><em>γὰρ</em></span> <span class='ocrx_word' id='word_1_265' title='bbox 483 3758 604 3832; x_wconf 78' lang='grc' dir='ltr'><em>τοσούτῳ</em></span> <span class='ocrx_word' id='word_1_266' title='bbox 623 3760 721 3836; x_wconf 73' lang='grc' dir='ltr'><em>ἐχρῆτο</em></span> <span class='ocrx_word' id='word_1_267' title='bbox 741 3759 806 3816; x_wconf 80' lang='grc' dir='ltr'><em>ὅσον</em></span> 
     </span>
     <span class='ocr_line' id='line_1_58' title="bbox 226 3826 805 3901; baseline 0.002 -19"><span class='ocrx_word' id='word_1_268' title='bbox 226 3826 309 3901; x_wconf 72' lang='grc' dir='ltr'><em>ἡδέως</em></span> <span class='ocrx_word' id='word_1_269' title='bbox 324 3828 416 3900; x_wconf 73' lang='grc' dir='ltr'><em>ἤσθιε·</em></span> <span class='ocrx_word' id='word_1_270' title='bbox 434 3827 544 3882; x_wconf 83' lang='grc' dir='ltr'><em>καὶέπὶ</em></span> <span class='ocrx_word' id='word_1_271' title='bbox 564 3828 645 3884; x_wconf 81' lang='grc' dir='ltr'><em>τοῦτο</em></span> <span class='ocrx_word' id='word_1_272' title='bbox 665 3826 737 3884; x_wconf 73' lang='grc' dir='ltr'><em>οὕτω</em></span> <span class='ocrx_word' id='word_1_273' title='bbox 754 3851 805 3884; x_wconf 91' lang='grc' dir='ltr'><em>πα-</em></span> 
     </span>
     <span class='ocr_line' id='line_1_59' title="bbox 225 3892 805 3972; baseline 0 -20"><span class='ocrx_word' id='word_1_274' title='bbox 225 3898 448 3972; x_wconf 80' lang='grc' dir='ltr'><em>ρεσκευασμένος</em></span> <span class='ocrx_word' id='word_1_275' title='bbox 472 3896 524 3972; x_wconf 75' lang='grc' dir='ltr'><em>ιᾔει,</em></span> <span class='ocrx_word' id='word_1_276' title='bbox 544 3892 631 3953; x_wconf 82' lang='grc' dir='ltr'><em>ὥστε</em></span> <span class='ocrx_word' id='word_1_277' title='bbox 651 3897 717 3970; x_wconf 82' lang='grc' dir='ltr'><em>τὴν</em></span> <span class='ocrx_word' id='word_1_278' title='bbox 734 3898 805 3952; x_wconf 86' lang='grc' dir='ltr'><em>έπι-</em></span> 
     </span>
     <span class='ocr_line' id='line_1_60' title="bbox 224 3962 807 4088; baseline 0.002 -68"><span class='ocrx_word' id='word_1_279' title='bbox 224 3971 368 4088; x_wconf 60' lang='grc' dir='ltr'><em>θιυμίαν</em></span> <span class='ocrx_word' id='word_1_280' title='bbox 389 3966 452 4019; x_wconf 79' lang='grc' dir='ltr'><em>τοῦ</em></span> <span class='ocrx_word' id='word_1_281' title='bbox 469 3970 571 4020; x_wconf 87' lang='grc' dir='ltr'><em>σι’του</em></span> <span class='ocrx_word' id='word_1_282' title='bbox 602 3962 694 4036; x_wconf 80' lang='grc' dir='ltr'><em>ὄψον</em></span> <span class='ocrx_word' id='word_1_283' title='bbox 712 3964 807 4041; x_wconf 68' lang='grc' dir='ltr'><em>αὐτῷ</em></span> 
     </span>
     <span class='ocr_line' id='line_1_61' title="bbox 225 4055 334 4091; baseline 0.009 -2"><span class='ocrx_word' id='word_1_284' title='bbox 225 4055 239 4089; x_wconf 84' lang='grc' dir='ltr'><em>ε</em></span> <span class='ocrx_word' id='word_1_285' title='bbox 266 4056 334 4091; x_wconf 89' lang='grc' dir='ltr'><em>ναι.</em></span> 
     </span>
    </p>
   </div>
   <div class='ocr_carea' id='block_1_15' title="bbox 224 4169 809 4378">
    <p class='ocr_par' dir='ltr' id='par_1_16' title="bbox 224 4169 809 4378">
     <span class='ocr_line' id='line_1_62' title="bbox 259 4169 809 4242; baseline -0.004 -19"><span class='ocrx_word' id='word_1_286' title='bbox 259 4169 316 4224; x_wconf 80' lang='grc'><strong>001]</strong></span> <span class='ocrx_word' id='word_1_287' title='bbox 354 4171 429 4224; x_wconf 88' lang='lat' dir='ltr'>uitur</span> <span class='ocrx_word' id='word_1_288' title='bbox 459 4189 521 4225; x_wconf 89' lang='lat' dir='ltr'><em>eum</em></span> <span class='ocrx_word' id='word_1_289' title='bbox 549 4173 735 4242; x_wconf 79' lang='lat' dir='ltr'>Xenophonte</span> <span class='ocrx_word' id='word_1_290' title='bbox 761 4170 809 4222; x_wconf 89' lang='lat' dir='ltr'><em>So·</em></span> 
     </span>
     <span class='ocr_line' id='line_1_63' title="bbox 224 4237 809 4308; baseline -0.003 -15"><span class='ocrx_word' id='word_1_291' title='bbox 224 4241 311 4294; x_wconf 77' lang='lat' dir='ltr'>crates</span> <span class='ocrx_word' id='word_1_292' title='bbox 357 4256 371 4292; x_wconf 92' lang='lat' dir='ltr'>e</span> <span class='ocrx_word' id='word_1_293' title='bbox 401 4239 576 4308; x_wconf 82' lang='lat' dir='ltr'>pulchrorum</span> <span class='ocrx_word' id='word_1_294' title='bbox 604 4237 809 4299; x_wconf 84' lang='lat' dir='ltr'>consuetudine,</span> 
     </span>
     <span class='ocr_line' id='line_1_64' title="bbox 224 4305 809 4378; baseline -0.005 -17"><span class='ocrx_word' id='word_1_295' title='bbox 224 4325 309 4378; x_wconf 82' lang='lat' dir='ltr'><strong>quam</strong></span> <span class='ocrx_word' id='word_1_296' title='bbox 327 4307 363 4361; x_wconf 82' lang='lat' dir='ltr'><em>sit</em></span> <span class='ocrx_word' id='word_1_297' title='bbox 380 4308 535 4377; x_wconf 80' lang='lat' dir='ltr'>periculoso</span> <span class='ocrx_word' id='word_1_298' title='bbox 559 4308 712 4378; x_wconf 76' lang='lat' dir='ltr'>suadetque</span> <span class='ocrx_word' id='word_1_299' title='bbox 721 4305 809 4360; x_wconf 84' lang='lat' dir='ltr'>Xeno·</span> 
     </span>
    </p>
   </div>
   <div class='ocr_carea' id='block_1_16' title="bbox 216 2695 1432 2820">
    <p class='ocr_par' dir='ltr' id='par_1_17' title="bbox 216 2695 1432 2820">
     <span class='ocr_line' id='line_1_65' title="bbox 216 2695 1432 2820; baseline 0.002 -72"><span class='ocrx_word' id='word_1_300' title='bbox 216 2695 308 2765; x_wconf 87' lang='lat' dir='ltr'>inquit</span> <span class='ocrx_word' id='word_1_301' title='bbox 325 2701 413 2820; x_wconf 54' lang='grc' dir='ltr'><em>ρρίηοφ,</em></span> <span class='ocrx_word' id='word_1_302' title='bbox 431 2696 465 2752; x_wconf 85' lang='lat' dir='ltr'><em>de</em></span> <span class='ocrx_word' id='word_1_303' title='bbox 482 2698 582 2766; x_wconf 78' lang='lat' dir='ltr'>quibus</span> <span class='ocrx_word' id='word_1_304' title='bbox 599 2700 735 2755; x_wconf 81' lang='lat' dir='ltr'>internos</span> <span class='ocrx_word' id='word_1_305' title='bbox 748 2699 898 2768; x_wconf 79' lang='lat' dir='ltr'>aliquando</span> <span class='ocrx_word' id='word_1_306' title='bbox 911 2700 1077 2764; x_wconf 82' lang='lat' dir='ltr'>convenerit,</span> <span class='ocrx_word' id='word_1_307' title='bbox 1098 2699 1173 2753; x_wconf 86' lang='lat' dir='ltr'>bona</span> <span class='ocrx_word' id='word_1_308' title='bbox 1185 2701 1294 2751; x_wconf 85' lang='lat' dir='ltr'>tantum</span> <span class='ocrx_word' id='word_1_309' title='bbox 1310 2697 1432 2764; x_wconf 79' lang='lat' dir='ltr'>petenda</span> 
     </span>
    </p>
   </div>
   <div class='ocr_carea' id='block_1_17' title="bbox 851 2876 1434 3321">
    <p class='ocr_par' dir='ltr' id='par_1_18' title="bbox 851 2876 1434 3321">
     <span class='ocr_line' id='line_1_66' title="bbox 1085 2876 1192 2944; baseline -0.009 -15"><span class='ocrx_word' id='word_1_310' title='bbox 1085 2877 1106 2944; x_wconf 88' lang='lat'><em>1,</em></span> <span class='ocrx_word' id='word_1_311' title='bbox 1125 2876 1149 2939; x_wconf 83' lang='lat' dir='ltr'><em>o,</em></span> <span class='ocrx_word' id='word_1_312' title='bbox 1168 2876 1192 2928; x_wconf 86' lang='lat'><em>5.</em></span> 
     </span>
     <span class='ocr_line' id='line_1_67' title="bbox 890 2949 1432 3047; baseline -0.006 -32"><span class='ocrx_word' id='word_1_313' title='bbox 890 2958 983 3034; x_wconf 80' lang='grc' dir='ltr'><em>Τι’γὰρ</em></span> <span class='ocrx_word' id='word_1_314' title='bbox 997 2963 1059 3047; x_wconf 82' lang='grc' dir='ltr'><em>ἔφη,</em></span> <span class='ocrx_word' id='word_1_315' title='bbox 1073 2949 1094 3013; x_wconf 75' lang='grc' dir='ltr'><em>ὦ</em></span> <span class='ocrx_word' id='word_1_316' title='bbox 1107 2967 1173 3023; x_wconf 88' lang='grc' dir='ltr'><em>παῖ;</em></span> <span class='ocrx_word' id='word_1_317' title='bbox 1182 2961 1324 3032; x_wconf 87' lang='grc' dir='ltr'><em>μέμνησαι</em></span> <span class='ocrx_word' id='word_1_318' title='bbox 1336 2957 1432 3012; x_wconf 85' lang='grc' dir='ltr'><em>έκιῖνα</em></span> 
     </span>
     <span class='ocr_line' id='line_1_68' title="bbox 851 3023 1434 3099; baseline -0.003 -17"><span class='ocrx_word' id='word_1_319' title='bbox 851 3025 963 3084; x_wconf 76' lang='grc' dir='ltr'><em>ιῖποτε</em></span> <span class='ocrx_word' id='word_1_320' title='bbox 988 3029 1111 3084; x_wconf 86' lang='grc' dir='ltr'><em>έδοκει</em></span> <span class='ocrx_word' id='word_1_321' title='bbox 1134 3024 1216 3099; x_wconf 73' lang='grc' dir='ltr'><em>ἡμῖν</em></span> <span class='ocrx_word' id='word_1_322' title='bbox 1243 3069 1318 3082; x_wconf 90' lang='grc'><em>.....</em></span> <span class='ocrx_word' id='word_1_323' title='bbox 1346 3023 1434 3087; x_wconf 73' lang='grc' dir='ltr'><em>οὕτως</em></span> 
     </span>
     <span class='ocr_line' id='line_1_69' title="bbox 852 3093 1432 3171; baseline -0.007 -20"><span class='ocrx_word' id='word_1_324' title='bbox 852 3093 919 3171; x_wconf 78' lang='grc' dir='ltr'><em>ἡμῖν</em></span> <span class='ocrx_word' id='word_1_325' title='bbox 953 3096 1045 3153; x_wconf 82' lang='grc' dir='ltr'><em>ἐδόκει</em></span> <span class='ocrx_word' id='word_1_326' title='bbox 1078 3098 1138 3151; x_wconf 88' lang='grc' dir='ltr'><em>δεῖν</em></span> <span class='ocrx_word' id='word_1_327' title='bbox 1172 3098 1219 3148; x_wconf 84' lang='grc' dir='ltr'><em>καὶ</em></span> <span class='ocrx_word' id='word_1_328' title='bbox 1246 3096 1432 3148; x_wconf 85' lang='grc' dir='ltr'><em>αἰτεῖσδαι</em></span> 
     </span>
     <span class='ocr_line' id='line_1_70' title="bbox 851 3162 1268 3240; baseline -0.01 -22"><span class='ocrx_word' id='word_1_329' title='bbox 851 3162 998 3236; x_wconf 72' lang='grc' dir='ltr'><em>τάγαθὰ</em></span> <span class='ocrx_word' id='word_1_330' title='bbox 1017 3162 1092 3240; x_wconf 76' lang='grc' dir='ltr'><em>παρὰ</em></span> <span class='ocrx_word' id='word_1_331' title='bbox 1112 3164 1166 3217; x_wconf 81' lang='grc' dir='ltr'><em>τῶν</em></span> <span class='ocrx_word' id='word_1_332' title='bbox 1184 3164 1268 3218; x_wconf 80' lang='grc' dir='ltr'><em>θεῶν.</em></span> 
     </span>
     <span class='ocr_line' id='line_1_71' title="bbox 887 3249 1434 3321; baseline -0.002 -17"><span class='ocrx_word' id='word_1_333' title='bbox 887 3252 985 3306; x_wconf 87' lang='lat' dir='ltr'>Nonne</span> <span class='ocrx_word' id='word_1_334' title='bbox 1003 3251 1157 3321; x_wconf 83' lang='lat' dir='ltr'>Xenophon</span> <span class='ocrx_word' id='word_1_335' title='bbox 1175 3249 1242 3317; x_wconf 84' lang='lat' dir='ltr'>Cyri</span> <span class='ocrx_word' id='word_1_336' title='bbox 1259 3250 1323 3302; x_wconf 81' lang='lat' dir='ltr'>inst.</span> <span class='ocrx_word' id='word_1_337' title='bbox 1342 3251 1434 3303; x_wconf 87' lang='lat' dir='ltr'>locum</span> 
     </span>
    </p>
   </div>
   <div class='ocr_carea' id='block_1_18' title="bbox 849 3319 1434 3460">
    <p class='ocr_par' dir='ltr' id='par_1_19' title="bbox 849 3319 1434 3460">
     <span class='ocr_line' id='line_1_72' title="bbox 850 3319 1434 3387; baseline -0.003 -12"><span class='ocrx_word' id='word_1_338' title='bbox 850 3338 865 3375; x_wconf 82' lang='lat' dir='ltr'>e</span> <span class='ocrx_word' id='word_1_339' title='bbox 893 3319 1096 3376; x_wconf 71' lang='lat' dir='ltr'>commentariis</span> <span class='ocrx_word' id='word_1_340' title='bbox 1123 3321 1218 3387; x_wconf 87' lang='lat' dir='ltr'>petere</span> <span class='ocrx_word' id='word_1_341' title='bbox 1247 3319 1375 3372; x_wconf 79' lang='lat' dir='ltr'>videtur?</span> <span class='ocrx_word' id='word_1_342' title='bbox 1404 3326 1434 3373; x_wconf 82' lang='lat' dir='ltr'><em>at</em></span> 
     </span>
     <span class='ocr_line' id='line_1_73' title="bbox 849 3390 1120 3460; baseline -0.007 -18"><span class='ocrx_word' id='word_1_343' title='bbox 849 3390 884 3445; x_wconf 86' lang='lat' dir='ltr'><em>de</em></span> <span class='ocrx_word' id='word_1_344' title='bbox 902 3391 954 3443; x_wconf 81' lang='lat' dir='ltr'><em>heo</em></span> <span class='ocrx_word' id='word_1_345' title='bbox 971 3407 1000 3444; x_wconf 83' lang='lat' dir='ltr'><em>ro</em></span> <span class='ocrx_word' id='word_1_346' title='bbox 1016 3393 1120 3460; x_wconf 77' lang='lat' dir='ltr'>posteo.</span> 
     </span>
    </p>
   </div>
   <div class='ocr_carea' id='block_1_19' title="bbox 852 3517 1434 3648">
    <p class='ocr_par' dir='ltr' id='par_1_20' title="bbox 852 3517 1434 3648">
     <span class='ocr_line' id='line_1_74' title="bbox 882 3517 1434 3593; baseline -0.014 -14"><span class='ocrx_word' id='word_1_347' title='bbox 882 3525 968 3593; x_wconf 80' lang='lat' dir='ltr'>Cyrus</span> <span class='ocrx_word' id='word_1_348' title='bbox 980 3523 1121 3592; x_wconf 82' lang='lat' dir='ltr'>praedicat</span> <span class='ocrx_word' id='word_1_349' title='bbox 1135 3520 1164 3572; x_wconf 94' lang='lat' dir='ltr'><em>in</em></span> <span class='ocrx_word' id='word_1_350' title='bbox 1178 3519 1301 3572; x_wconf 79' lang='lat' dir='ltr'>oratione</span> <span class='ocrx_word' id='word_1_351' title='bbox 1311 3518 1346 3570; x_wconf 86' lang='lat' dir='ltr'><em>ad</em></span> <span class='ocrx_word' id='word_1_352' title='bbox 1357 3517 1434 3571; x_wconf 85' lang='lat' dir='ltr'>mille</span> 
     </span>
     <span class='ocr_line' id='line_1_75' title="bbox 852 3587 1275 3648; baseline -0.014 -3"><span class='ocrx_word' id='word_1_353' title='bbox 852 3593 931 3648; x_wconf 82' lang='lat' dir='ltr'>duces</span> <span class='ocrx_word' id='word_1_354' title='bbox 950 3592 1083 3647; x_wconf 81' lang='lat' dir='ltr'>exereitus</span> <span class='ocrx_word' id='word_1_355' title='bbox 1102 3587 1144 3642; x_wconf 84' lang='lat' dir='ltr'><em>sui</em></span> <span class='ocrx_word' id='word_1_356' title='bbox 1163 3588 1275 3642; x_wconf 81' lang='lat' dir='ltr'>habita:</span> 
     </span>
    </p>
   </div>
   <div class='ocr_carea' id='block_1_20' title="bbox 889 3675 1434 3834">
    <p class='ocr_par' dir='ltr' id='par_1_21' title="bbox 889 3675 1434 3834">
     <span class='ocr_line' id='line_1_76' title="bbox 1120 3675 1205 3726; baseline 0 0"><span class='ocrx_word' id='word_1_357' title='bbox 1120 3676 1135 3726; x_wconf 83' lang='lat'><strong>5</strong></span> <span class='ocrx_word' id='word_1_358' title='bbox 1165 3675 1205 3726; x_wconf 68' lang='lat'><em>1⁶2.</em></span> 
     </span>
     <span class='ocr_line' id='line_1_77' title="bbox 889 3676 1434 3834; baseline -0.015 -18"><span class='ocrx_word' id='word_1_359' title='bbox 889 3676 1228 3834; x_wconf 47' lang='lat' dir='ltr'><em>tappottogrhp&#39;top</em></span> <span class='ocrx_word' id='word_1_360' title='bbox 1247 3755 1434 3827; x_wconf 77' lang='grc' dir='ltr'><em>διαχρῆθε.</em></span> 
     </span>
    </p>
   </div>
   <div class='ocr_carea' id='block_1_21' title="bbox 859 4158 1438 4357">
    <p class='ocr_par' dir='ltr' id='par_1_22' title="bbox 859 4158 1438 4357">
     <span class='ocr_line' id='line_1_78' title="bbox 896 4158 1437 4235; baseline -0.02 -16"><span class='ocrx_word' id='word_1_361' title='bbox 896 4167 966 4220; x_wconf 85' lang='lat' dir='ltr'><em>Item</em></span> <span class='ocrx_word' id='word_1_362' title='bbox 999 4165 1027 4218; x_wconf 93' lang='lat' dir='ltr'><em>in</em></span> <span class='ocrx_word' id='word_1_363' title='bbox 1056 4161 1119 4230; x_wconf 81' lang='lat' dir='ltr'>Cyri</span> <span class='ocrx_word' id='word_1_364' title='bbox 1149 4161 1322 4215; x_wconf 79' lang='lat' dir='ltr'>institutione</span> <span class='ocrx_word' id='word_1_365' title='bbox 1352 4158 1437 4235; x_wconf 68' lang='lat' dir='ltr'>Cyrno</span> 
     </span>
     <span class='ocr_line' id='line_1_79' title="bbox 859 4230 1438 4304; baseline -0.019 -17"><span class='ocrx_word' id='word_1_366' title='bbox 859 4235 983 4304; x_wconf 76' lang='lat' dir='ltr'>disputat</span> <span class='ocrx_word' id='word_1_367' title='bbox 1005 4233 1039 4287; x_wconf 89' lang='lat' dir='ltr'><em>de</em></span> <span class='ocrx_word' id='word_1_368' title='bbox 1064 4247 1156 4285; x_wconf 81' lang='lat' dir='ltr'>amore</span> <span class='ocrx_word' id='word_1_369' title='bbox 1175 4249 1237 4284; x_wconf 88' lang='lat' dir='ltr'><em>eum</em></span> <span class='ocrx_word' id='word_1_370' title='bbox 1254 4230 1368 4296; x_wconf 78' lang='lat' dir='ltr'>Areopa,</span> <span class='ocrx_word' id='word_1_371' title='bbox 1393 4243 1438 4277; x_wconf 89' lang='lat' dir='ltr'><em>eu1</em></span> 
     </span>
     <span class='ocr_line' id='line_1_80' title="bbox 860 4294 1436 4357; baseline -0.021 0"><span class='ocrx_word' id='word_1_372' title='bbox 860 4303 1012 4357; x_wconf 77' lang='lat' dir='ltr'>Pantheam</span> <span class='ocrx_word' id='word_1_373' title='bbox 1030 4306 1059 4356; x_wconf 83' lang='lat' dir='ltr'><em>et</em></span> <span class='ocrx_word' id='word_1_374' title='bbox 1076 4301 1166 4353; x_wconf 81' lang='lat' dir='ltr'>formo</span> <span class='ocrx_word' id='word_1_375' title='bbox 1184 4303 1212 4353; x_wconf 89' lang='lat' dir='ltr'><em>et</em></span> <span class='ocrx_word' id='word_1_376' title='bbox 1230 4298 1331 4351; x_wconf 84' lang='lat' dir='ltr'>virtute</span> <span class='ocrx_word' id='word_1_377' title='bbox 1351 4294 1436 4348; x_wconf 81' lang='lat' dir='ltr'>excel-</span> 
     </span>
    </p>
   </div>
   <div class='ocr_carea' id='block_1_22' title="bbox 0 0 1497 4980">
    <p class='ocr_par' dir='ltr' id='par_1_23' title="bbox 0 0 1497 4980">
     <span class='ocr_line' id='line_1_81' title="bbox 0 0 1497 4980; baseline 0 0"><span class='ocrx_word' id='word_1_378' title='bbox 0 0 1497 4980; x_wconf 95' lang='lat' dir='ltr'><em> </em></span> 
     </span>
    </p>
   </div>
  </div>
 </body>
</html>
