2964 4980
719 301 758 362 37

126 471 168 534 δὲ
195 471 250 534 καὶ
272 472 451 552 τυράννους
472 472 580 552 τινάς,
611 473 644 537 οἳ
665 473 766 551 οὕτως
786 465 830 539 αὖ
852 479 1010 541 πεινῶσιν
1031 499 1071 557 χρ
1092 475 1224 558 μάτων,
1257 475 1347 540 ὥστε

127 558 260 618 ποιοῦσι
290 557 563 638 uoluntatesque
595 559 661 637 τῶν
690 560 916 639 ἀπορωτέρων·
960 559 1002 622 δι’
1034 500 1163 623 ἔνάειαν
1193 564 1254 640 μὲν
1285 561 1359 651 γάρ

127 635 237 724 δήπου
261 639 293 701 οἱ
313 645 375 717 μὲν
392 640 605 718 κλέπτουσιν,
636 638 668 702 οἱ
687 643 725 704 δὲ
741 645 1001 722 τοιχωρυχοῦσιν,
1030 640 1061 703 οἱ
1082 642 1120 704 δὲ
1141 641 1344 721 άνσραποδί-

127 725 246 799 ζονται.
288 719 441 803 τύραννοι
470 724 499 786 δ’
523 724 592 786 εἰσί
617 744 716 803 τινες,
750 722 781 787 οἳ
809 722 901 797 ὅλους
923 729 985 802 μὲν
1007 722 1111 799 οἴκους
1142 723 1344 804 ἀναιροῦσιν,

126 800 278 881 άθρόονς
299 806 569 884 οίποκτείνουσιν,
601 804 755 880 πολλάκις
786 809 823 869 δὲ
852 807 906 868 καὶ
929 804 1004 879 ὅλας
1028 805 1138 879 πόλεις
1167 804 1346 889 χρημάτων

126 887 223 1032 ἓνεκα
240 887 605 1030 ὴέξαισραποδίζουται.
664 889 872 953 Vehementer
900 890 997 969 igitur
1028 888 1172 957 vernabat⁴
1196 895 1345 969 tyrannos

160 968 237 1030 utist
262 987 346 1032 enes.

210 1065 357 1131 Ceterum
378 1067 592 1149 Xenophontis
622 1067 659 1129 de
682 1067 817 1131 Hierone
847 1067 969 1132 libellus
1002 1067 1196 1148 Antisthenis
1226 1067 1347 1132 redolet

127 1148 307 1226 lucernam3
330 1149 412 1232 quod
436 1152 543 1231 paucis
566 1149 727 1214 indicabo:
750 1151 890 1214 conferas
913 1151 994 1213 enim
1014 1150 1209 1214 Antisthenis
1226 1150 1344 1214 dictum

126 1232 158 1293 in
182 1231 279 1296 Conv.
298 1232 347 1311 lv,
371 1233 409 1294 36
433 1240 465 1295 et
487 1233 571 1297 Hier.
593 1233 711 1310 Vl,11:
749 1231 780 1293 οἱ
801 1230 955 1312 τύραννοι
975 1237 1087 1295 τοίνυν
1109 1230 1347 1312 α’ναγκάζουται

127 1311 273 1376 πλεῖστα
296 1312 401 1377 σνλᾶν
422 1315 543 1388 α’δίκως
570 1315 624 1377 καὶ
648 1314 719 1395 ἱερά
748 1314 802 1376 καὶ
829 1312 1031 1394 άνίίράπονς
1061 1315 1117 1378 διά
1146 1317 1184 1377 το
1213 1315 1258 1387 εἰς
1286 1316 1346 1387 τάς

127 1394 307 1475 α’ναγκαίας
347 1397 501 1470 δαπανάς
542 1396 595 1459 αἐἱ
628 1397 846 1476 προςδεϊσίναι
895 1394 1069 1480 χρημάτων
1107 1396 1158 1478 (Χ.
1195 1403 1345 1476 tyrannos

128 1478 355 1558 quodammodo
379 1479 547 1557 defendit);
581 1480 674 1542 Hiero
696 1479 756 1553 XI,
783 1485 832 1542 13:
868 1478 1056 1560 θησαυρούς
1093 1500 1128 1559 γε
1163 1480 1230 1563 μήν
1264 1480 1346 1558 ἔχοις

129 1557 260 1633 πάντας
280 1562 357 1633 τούς
378 1563 469 1640 παρά
492 1566 558 1633 τοῖς
581 1561 685 1643 φίλοις
705 1558 884 1638 πλούτους,·
914 1580 1043 1643 quocum
1066 1578 1228 1641 compares
1251 1561 1342 1640 Cyni·

128 1659 197 1705 cum
219 1642 297 1706 illud
321 1643 404 1723 apud
427 1645 531 1707 Laert.
556 1644 683 1721 Diogen.
706 1644 755 1725 lv,
773 1650 811 1708 72
840 1649 930 1707 κοινά
959 1645 1001 1705 τά
1028 1647 1094 1705 τῶν
1123 1642 1236 1725 φίλων.
1280 1643 1344 1706 Nec

128 1743 190 1788 non
213 1726 295 1806 quod
317 1727 484 1803 exponitur
504 1727 534 1793 in
558 1726 687 1790 Hieron.
705 1726 728 1806 Ι,
753 1734 787 1792 19
821 1729 936 1789 ἔπειτα
957 1727 986 1788 ‹l'
1015 1729 1077 1810 ἔφη
1099 1725 1203 1788 ἐκεῖνο
1225 1715 1264 1789 εὖ
1284 1716 1345 1788 οἶδ’

128 1803 179 1869 ὅτι
205 1808 260 1871 καὶ
291 1809 334 1870 uri
362 1808 514 1888 ἔμπειρος
543 1799 577 1870 εἴ
611 1805 662 1870 ὅτι
691 1805 759 1889 ὅσῳ
794 1806 837 1872 άν
868 1810 969 1872 πλείω
1001 1831 1048 1882 τις
1078 1811 1274 1889 παραθῆται
1302 1807 1345 1869 τά

129 1890 268 1970 περιττά
298 1893 363 1951 τῶν
396 1889 531 1970 ἱκανῶν,
563 1890 696 1970 τοιούτῳ
727 1893 780 1953 καὶ
811 1895 939 1954 θάττον
971 1889 1062 1969 κόρος
1090 1891 1251 1969 ἐμπίπτει
1289 1893 1345 1972 τῆς

128 1970 261 2055 ἐδωδῆς,
284 1976 430 2036 admonet
460 1991 515 2036 nos
539 1973 734 2036 Antisthenis
756 1974 870 2036 nullius
893 1975 937 2037 rei
960 1974 1099 2052 indigere
1121 1975 1247 2037 neccsse
1277 1989 1344 2036 esse

130 2053 283 2118 hominem
301 2058 471 2119 sescenties
495 2055 717 2136 praedicantis.
758 2056 801 2119 Et
822 2054 899 2120 haec
920 2055 1044 2138 quidem
1068 2054 1230 2119 hactenus.

262 2365 291 2443 bss
337 2379 389 2444 De
410 2374 680 2458 Xenophonte
703 2378 968 2442 Antisthenis
989 2383 1203 2442 sectatore.

210 2526 427 2607 Xenophontis
442 2527 630 2607 scriptorum
647 2524 932 2606 philosophicorum
950 2526 1060 2589 seriem
1077 2526 1176 2589 secuti
1191 2525 1344 2589 rationem

129 2615 212 2672 certe
245 2609 436 2673 intercedere
469 2611 553 2673 inter
575 2608 790 2673 Antisthenem
821 2615 852 2673 et
875 2609 1112 2688 Xenophontem
1146 2607 1276 2671 vidimus
1311 2611 1344 2670 et

129 2698 214 2754 recte
241 2690 312 2754 olim
344 2691 498 2755 censuisse
522 2690 756 2754 Reiuhardtinm
789 2690 925 2755 alterum
956 2691 996 2754 ab
1027 2691 1128 2755 altero
1158 2688 1345 2770 impugnari.

129 2773 188 2838 Sed
221 2791 284 2836 non
315 2771 413 2836 solum
448 2774 480 2837 in
504 2773 720 2836 antisthenem
754 2773 911 2838 invehitur
938 2772 1126 2854 Xenophon,
1161 2774 1217 2837 sed
1246 2771 1344 2835 multo

130 2856 231 2919 maior
253 2860 302 2919 est
323 2857 486 2919 consensio
517 2856 599 2918 iuter
623 2858 1005 2936 utrumque'scriptorem.
1060 2856 1128 2933 Quo
1147 2856 1262 2919 factum
1286 2859 1344 2930 est,

128 2944 162 3002 ut
190 2939 253 3000 iam
282 2938 313 3000 iu
343 2937 600 3001 antecedentibus
623 2937 772 3001 terminus
794 2938 1004 3018 inquisitionis
1026 2943 1174 3002 accurate
1196 2936 1268 3017 poni
1291 2953 1345 2997 ne·

129 3020 231 3100 quiret
258 3018 469 3100 nonnullaque
491 3037 773 3097 commemorarem,
804 3019 971 3102 inquibus
995 3021 1099 3100 potius
1124 3027 1263 3083 sectator
1282 3019 1345 3080 An·
1424 3036 1426 3040 ⁴

130 3102 274 3166 tisthenis
295 3103 401 3165 extitit
423 3101 606 3182 Xenophon.

212 3199 258 3263 Ad
290 3218 355 3263 rem
387 3202 577 3281 propositam
601 3220 669 3264 cum
702 3201 909 3281 opportunius
941 3199 983 3263 sit
1014 3198 1114 3261 visum
1138 3216 1157 3261 a
1178 3196 1345 3262 levioribus

131 3283 298 3346 ascendere
321 3283 360 3345 ad
390 3285 552 3361 graviora,
576 3282 667 3347 liceat
690 3284 762 3346 mihi
785 3285 890 3363 priore
913 3282 978 3345 loco
999 3299 1092 3359 agere
1114 3279 1152 3344 de
1175 3280 1346 3367 disciplinis

129 3364 167 3426 ad
189 3364 404 3445 philosophiae
433 3366 529 3445 ipsius
561 3365 651 3428 limen
682 3367 799 3445 positis.
843 3367 885 3429 Et
913 3366 992 3428 duas
1021 3363 1146 3444 quidem
1177 3370 1262 3427 artes
1286 3361 1368 3426 sibi,

128 3447 284 3510 invenisse
314 3447 476 3511 videbatur
506 3448 725 3526 Antisthenae,
753 3446 866 3527 naribus
897 3466 969 3509 vera
998 3464 1100 3510 rerum
1131 3454 1246 3510 natura
1277 3451 1347 3507 tan-

128 3546 222 3610 quam
266 3528 414 3592 divinitus
455 3530 633 3609 patefieret:
683 3529 1002 3606 originationem
1042 3529 1346 3603 vocabulorum,

128 3611 238 3690 quibus
271 3610 449 3676 naturalem
485 3613 588 3674 inesse
611 3614 772 3675 veritatem
807 3612 1031 3688 arbitrabatur,
1065 3616 1097 3671 et
1131 3618 1346 3690 poetarum

128 3693 332 3773 imprimis
359 3693 519 3757 Homeri
550 3695 894 3774 explicationem,
927 3711 1003 3773 quos
1033 3701 1067 3756 ut
1097 3690 1224 3755 deorum
1248 3693 1348 3755 inter·

127 3783 232 3854 pretes
255 3775 386 3839 colebat.
430 3778 464 3840 In
488 3782 620 3856 utraque
649 3797 682 3840 re
704 3777 874 3855 Xenophon
900 3775 1095 3839 Antisthenis
1124 3775 1267 3848 alumnus
1287 3780 1346 3838 est.

132 3857 279 3921 Definitio
294 3858 317 3936 1)
349 3859 433 3922 verbi
458 3858 672 3938 διαλέγεσθαι
693 3858 866 3937 (διαλέγειν
886 3859 971 3920 κατά
993 3867 1067 3938 γε’νη
1088 3857 1130 3919 τά
1154 3854 1347 3937 πράγματα)

129 3940 161 4002 in
185 3939 356 4004 Commeat.
382 3941 739 4021 1V,5,1a,exphcau0
769 3943 855 4007 verbi
888 3940 1089 4019 εὐωχεῖσθαι
1118 3940 1150 4002 in
1174 3939 1346 4004 Commeat.

126 4021 176 4103 ΙΙΙ,
197 4027 279 4101 lut
314 4024 364 4085 vix
387 4023 523 4086 Socratis
553 4025 584 4086 in
616 4043 674 4086 usu
707 4024 782 4101 luit,
812 4024 869 4102 sed
893 4022 1095 4096 Antisthenes
1122 4022 1171 4086 hic
1190 4019 1349 4100 exemplar

128 4103 268 4183 exstitit,
301 4105 388 4169 cuius
412 4124 481 4170 cum
504 4106 656 4184 Prodico,
690 4104 912 4171 vocabulorum
946 4102 1164 4183 originationis
1197 4109 1347 4183 tanquam

172 4383 176 4390 .
197 4331 223 4401 1)
242 4332 277 4386 de
296 4333 490 4388 vocabulorum
511 4334 696 4404 originatione
713 4334 785 4389 conf.
808 4333 981 4390 Welckerum
1001 4332 1030 4387 in
1048 4349 1110 4385 mus
1128 4332 1205 4386 rhen.
1225 4333 1245 4386 t.
1256 4330 1276 4396 1,
1289 4328 1348 4383 543.
