2964 4980
726 260 765 320 55

162 430 273 485 Ιααα.
293 430 391 484 Ναοει.
411 429 479 496 ssa.
557 430 839 501 Arrianihpictet.1‚
861 396 900 484 ιι.
958 431 1233 500 xanopuanoomm.
1245 432 1352 496 1v,a‚1.

154 510 205 585 Μὴ
221 510 271 585 τὴν
284 518 387 568 κακίαν
400 517 512 568 οἴεσθαι
572 510 744 584 Ἀντισθένης
762 514 848 582 λέγει,
869 509 924 567 ὅτι
978 513 1129 587 Σωκράτης
1140 511 1195 586 γὰρ
1208 511 1270 574 τοὺς
1279 515 1338 572 ιιὲν

127 582 266 635 δύνασθαι
284 583 338 655 μὲν
356 586 441 638 πλείω
466 584 514 656 τῆς
539 580 623 654 ἀρχὴ
653 580 878 642 παιδεύσεως
906 579 922 654 'i
945 582 1338 655 εὶδὸιαςτίὲκασιονεῖη

127 649 513 723 ἀρετῆςιῖφελεῑν,εὸδὲὸνο-
539 654 603 704 τῶν
633 655 717 722 ὄνομ
728 650 822 704 αἰιαν
851 650 920 706 ἐπί·
946 653 1011 705 τῶν
1029 650 1144 706 ὅντων
1160 651 1269 724 ἐνόμιζε
1290 655 1339 706 καὶ

128 740 169 792 μα
188 720 239 773 δυσ
256 721 510 795 ερέσιερονέχειν,
537 731 679 785 σκεψις.
718 719 869 793 Σύκριίης
893 719 923 773 δ’
947 728 1002 781 τοῖς
1019 719 1112 781 ἄλλοις
1126 719 1161 775 ἂν
1173 721 1339 795 ἐξηγεῖσθαι

130 791 196 841 ἀλλ’
217 741 373 863 οἵωνπερ
389 787 513 872 ὄνομα·
539 786 572 842 ori
590 790 667 871 λέγει
693 790 740 841 καὶ
763 793 829 862 περί
848 809 923 873 τινος
959 788 1106 844 δύνασθαι.

130 877 202 911 των
240 858 408 912 ἕκαστον
444 879 515 913 των
541 859 673 944 {eropon
707 861 828 943 γραφαί,
876 879 935 941 oft
1004 874 1043 927 οἳ,
1074 872 1188 928 ssirfium
1216 874 1246 927 in
1277 892 1348 929 mus,

130 926 354 1011 npoypcittnr
373 927 513 1017 τετιύχιζ-
543 946 672 1016 Ἷρχειιο
698 945 848 1011 αποὶτης
868 947 935 1014 των
960 944 1121 998 rhemon,¹
1142 944 1184 1007 51,
1203 960 1249 1013 ρξ’
1270 945 1329 998 157,

130 1015 187 1060 κθ,
219 1016 395 1057 ἶθίαϋῖας
418 1018 515 1119 ἕγὸί·
541 1015 735 1068 θνθμαῖων
771 1016 962 1050 επίσκὸ·“

131 1073 219 1118 σθαι
247 1069 305 1118 καὶ
332 1064 393 1127 τὰς
441 1071 515 1120 vnd-
541 1078 651 1132 ψεως,
690 1069 720 1119 τί
754 1069 935 1137 σημαίνει

129 1131 477 1205 persuavissimi.
542 1136 709 1189 ἕκαστον.

164 1219 264 1273 Nonne
288 1220 411 1275 conicere
452 1223 516 1276 licet

130 1287 276 1342 Isocratem
285 1289 405 1344 alludere
415 1291 450 1344 ad
461 1296 514 1344 An·

129 1356 259 1411 tisthenis
276 1360 464 1414 senteutiam?

214 1499 330 1575 Quodsi
355 1503 509 1567 Isocrates
532 1505 717 1569 sententiam
735 1504 930 1568 Antisthenis
952 1505 1107 1584 prolatam
1130 1505 1159 1569 iu
1183 1505 1249 1568 eius
1271 1505 1347 1584 περὶ

132 1581 283 1655 παιδείας
323 1582 426 1647 libello
470 1587 595 1649 videtui·
627 1587 802 1666 astringere
841 1588 872 1649 iu
905 1588 1064 1665 oratione,
1105 1588 1151 1650 cui
1185 1586 1360 1666 inscripsitw

132 1662 279 1740 Nicocles‚
303 1683 331 1727 a.
346 1667 468 1730 circiter
487 1673 545 1732 369
561 1670 654 1743 edita,
676 1669 847 1751 Xenophon
871 1689 957 1735 vero.
970 1670 1001 1732 iu
1018 1688 1074 1732 suo
1094 1669 1170 1749 περὶ
1194 1669 1348 1740 παιδείας

133 1745 235 1808 libello
249 1747 444 1813 Antisthenis
468 1752 543 1831 περὶ
567 1752 720 1824 παιδείας
742 1753 865 1832 dialogo
888 1772 962 1816 usus
985 1759 1042 1830 est,
1065 1750 1347 1831 Xenophontis

131 1825 510 1896 Commentariorum
542 1833 682 1897 librum
706 1834 749 1898 IV
777 1842 866 1914 post
899 1854 926 1899 a.
953 1840 1025 1898 369
1057 1834 1212 1897 ve1368
1244 1834 1347 1896 scri-

129 1915 236 2002 ptum
260 1930 348 1976 esse
370 1913 512 1995 colligere
531 1933 705 1996 possumus,
726 1918 809 1998 quod
829 1918 905 1980 bene
934 1917 1077 1997 congruit
1101 1935 1168 1980 cum
1200 1918 1246 1995 iis,
1269 1933 1347 1996 quae

130 2008 190 2053 iam
211 2000 306 2057 autea
328 1996 367 2059 de
391 1996 689 2063 Commentariorum
714 2005 854 2078 tempore
877 2000 1018 2063 diximus.

211 2123 296 2187 Haec
317 2125 417 2190 habeo
439 2145 519 2207 quae
549 2127 587 2191 de
613 2129 760 2192 Isocratis
784 2147 851 2192 cum
872 2127 1081 2209 Xenophonte
1104 2135 1137 2192 et
1159 2127 1346 2190 Antisthene

128 2208 310 2270 commercio
328 2207 467 2288 proferre
483 2210 609 2289 possim.
649 2210 796 2289 ignoscas
814 2230 941 2294 quaeso,
957 2212 982 2275 si
1003 2211 1133 2274 celerius
1150 2211 1180 2272 in
1200 2208 1343 2272 chartam

128 2288 270 2350 coniecta
293 2308 361 2354 esse
385 2292 561 2356 videantur.
615 2292 751 2372 Tempus
773 2293 846 2356 mihi
877 2294 944 2356 fore
967 2310 1143 2372 speroque
1166 2291 1343 2354 accuratius

128 2368 185 2431 has
210 2374 410 2449 quaestiones
447 2382 635 2453 pertractem
667 2382 751 2438 certe
781 2376 908 2455 dignas,
941 2376 971 2436 in
1003 2373 1113 2454 quihus
1146 2371 1341 2452 inquirendis

129 2452 271 2515 studium
293 2455 469 2519 collocetur.

210 2534 447 2616 Xenophontem
470 2557 543 2601 vero
566 2557 625 2601 non
650 2557 718 2602 cum
741 2536 834 2601 fuisse
856 2557 906 2601 me
929 2539 1162 2601 demonstrasse
1185 2542 1262 2618 puto
1287 2535 1341 2615 qui

130 2615 269 2679 Corinthi
301 2621 348 2681 vei
384 2620 456 2683 aiibi
487 2628 579 2701 parta
601 2620 699 2699 gioria
731 2621 819 2700 quasi
852 2623 992 2700 reposito
1022 2621 1180 2683 frueretur
1203 2620 1346 2690 honore;

129 2699 319 2778 litterarum,
352 2721 430 2782 quae
461 2711 526 2765 tum
553 2705 652 2782 inagis
675 2705 833 2782 magisque
856 2703 1070 2782 augebantur,
1104 2702 1188 2766 haud
1210 2704 1341 2779 ignarus

128 2780 256 2844 idoneas
303 2802 356 2847 eas
395 2803 463 2848 esse
504 2786 708 2865 existimavit,
746 2785 859 2864 quibus
902 2787 932 2849 in
970 2786 1035 2849 dies
1068 2785 1219 2861 disceret,
1260 2783 1346 2845 atiis-

131 2881 192 2941 que
226 2867 402 2929 auctoribus
437 2869 504 2947 ipse
539 2866 696 2946 exemplar
735 2866 803 2930 fuit.
862 2867 940 2930 Tum
978 2867 1058 2931 idem
1096 2867 1147 2929 iile
1168 2864 1343 2944 'Xenophon

127 2950 377 3011 retractavit
399 2968 517 3030 opera
547 2956 642 3029 atque
671 2956 855 3027 argumenta
885 2958 979 3028 atque
1010 2949 1183 3012 doctrinam
1217 2964 1344 3028 operum

128 3045 207 3106 quae
236 3037 329 3092 antea
359 3032 388 3093 in
416 3031 573 3113 publicum
605 3032 794 3111 prodierant.
852 3031 892 3093 Et
924 3033 1070 3094 invenere
1101 3029 1343 3094 retractationis

130 3111 264 3189 vestigia
280 3113 423 3190 permulti
440 3116 498 3177 viri
515 3115 596 3177 docti
616 3115 697 3176 sicut
711 3113 923 3177 Duemmlerus
940 3115 970 3176 in
984 3114 1130 3176 Academ.
1142 3131 1194 3192 pg.
1211 3117 1271 3175 124
1283 3128 1342 3190 sq,

128 3193 315 3272 Doeringius
338 3195 368 3257 iu
389 3195 467 3259 libro
491 3197 542 3276 qui
565 3196 758 3261 inscribitur:
788 3196 857 3277 tDie
880 3195 981 3260 Lehrc
1003 3195 1057 3258 des
1078 3193 1238 3259 Sokrates’
1261 3213 1288 3258 a.
1312 3192 1344 3254 h.

129 3294 152 3337 s.
176 3277 319 3340 caedito
352 3277 402 3359 (cf.
433 3278 595 3342 Doerwaid
625 3281 655 3341 in
685 3285 849 3342 comment.
879 3279 1076 3359 ‘Xenophons
1107 3276 1341 3342 Memorabiiien

130 3358 190 3418 und
215 3360 264 3421 die
287 3377 401 3422 neuere
424 3360 545 3423 Kritik‘.
570 3361 772 3440 Gymnasium
799 3363 846 3425 15.
869 3361 979 3440 Jahrg.
1005 3367 1031 3423 l.
1054 3362 1104 3439 δη
1136 3379 1194 3440 ego
1218 3376 1341 3440 quoque

128 3441 311 3518 quibusdam
337 3442 410 3504 locis
432 3461 468 3504 ea
493 3444 616 3516 notavi;
649 3443 795 3506 nonnulla
825 3444 906 3506 enim
928 3442 1128 3523 amplificavit
1150 3451 1261 3507 auctor
1291 3440 1340 3522 (cf.

129 3523 246 3585 Comm.
270 3525 292 3599 1,
314 3529 394 3600 &13
418 3523 542 3604 atah),
571 3525 687 3588 adiecit
706 3524 787 3588 haud
810 3542 917 3603 pauca.
957 3525 1131 3604 Xenophon
1154 3526 1221 3603 ipse
1244 3527 1341 3587 inter-

127 3604 251 3747 pollator
274 3613 342 3682 est,
374 3606 452 3684 quod
476 3607 507 3668 in
533 3607 710 3670 memoriam
732 3613 877 3671 revocent
900 3608 936 3687 ii,
967 3607 1021 3686 qui
1041 3607 1154 3686 ubique
1188 3614 1341 3669 venantur

127 3687 297 3749 iasarium.
