2964 4980
629 853 804 936 Appendix
825 854 851 918 1.

213 998 322 1062 Liceat
352 1000 426 1063 mihi
454 1000 485 1063 in
515 1002 686 1081 appendice
718 1000 881 1064 nonnullus
904 1008 1015 1064 notare
1046 1002 1346 1065 similitudines

127 1080 591 1245 ἰΰιὲὲθθιπὶὲξιιῗρὴοιιιθιιι,
629 1085 866 1164 Isocratem,
902 1085 1192 1147 Antisthenem
1223 1085 1344 1148 inter-

216 1260 416 1339 contraeas,
439 1263 491 1343 qui
515 1263 658 1326 omnibus
678 1263 764 1341 locis,
787 1262 840 1325 ubi
857 1262 1006 1325 Isocratis
1022 1263 1240 1325 auctoritatem
1263 1263 1345 1343 apud

131 1343 371 1424 Xenophontem
395 1344 497 1408 valere
520 1346 551 1408 in
572 1345 737 1425 propatulo
755 1350 813 1421 est,
835 1344 885 1406 vel
908 1343 1161 1424 interpolationes
1180 1345 1226 1406 vel
1245 1345 1348 1406 Xeno-

99 1456 101 1461 >
131 1424 258 1506 phontis
281 1426 332 1506 qui
363 1426 475 1489 dicitur
499 1428 626 1490 minoris
670 1425 841 1490 lossemata
862 1445 978 1506 ponere
996 1444 1205 1505 consuevere,
1237 1428 1348 1489 merito

134 1520 235 1588 nuper
256 1509 409 1588 pugnauit
426 1508 587 1573 Kaibelius
610 1510 641 1571 in
685 1527 759 1571 erm.
779 1514 851 1571 tom.
866 1508 1034 1584 >invasa
1047 1525 1092 1587 sq.
1112 1509 1262 1588 imprimis
1281 1514 1349 1571 691.

134 1591 228 1655 Certe
251 1591 405 1654 rationein
424 1590 533 1655 babuit
554 1609 623 1654 cum
647 1593 786 1654 Isocrate
807 1589 979 1670 Xenophon
1003 1597 1097 1670 atque
1121 1591 1349 1654 commercium.

132 1672 330 1752 Quamquam
363 1673 444 1736 enim
487 1673 615 1736 credere
647 1691 707 1736 non
741 1672 890 1736 debemus
923 1674 1032 1736 nuntio
1063 1674 1113 1751 qui
1146 1679 1235 1736 extat
1267 1673 1350 1752 apud

133 1754 224 1818 Phot.
248 1755 279 1817 in
302 1753 445 1818 biblioth.
468 1755 532 1818 cod.
555 1756 617 1820 eoo
646 1758 687 1834 (p.
712 1759 781 1818 486.
813 1754 903 1836 aab).
939 1754 1177 1834 Xenophontem
1201 1754 1350 1818 Isocratis

134 1837 229 1901 fuisse
261 1835 450 1916 discipulum
474 1873 512 1882 -
543 1842 701 1918 repugnat
731 1838 811 1899 enim
845 1843 1019 1914 temporum
1042 1837 1139 1900 ratio:
1174 1855 1244 1899 nam
1267 1856 1350 1901 anno

137 1922 197 1982 394
216 1936 281 1999 quo
304 1921 457 1983 Isosrates
481 1919 611 1983 Athenis
634 1920 744 1982 docere
767 1919 879 1998 coepit,
903 1918 1007 1984 adhue
1027 1917 1086 1981 fuit
1108 1920 1138 1980 in
1162 1920 1236 1981 Asia
1247 1918 1352 1982 Xeno-

134 2001 219 2082 phon
245 2034 280 2044 -
305 2008 409 2064 tamen
428 2000 603 2082 Xenophon
628 2001 777 2064 Isocratis
790 2023 792 2027 ’
807 2019 881 2064 usus
901 2007 950 2063 est
970 2000 1184 2063 familiaritate
1194 1999 1228 2080 2).
1271 2000 1351 2064 Nam

135 2084 208 2164 quis
230 2084 354 2165 estqui
385 2083 553 2147 Isocratem
577 2084 785 2147 laudationem
805 2082 963 2146 funebrem
992 2084 1021 2145 in
1046 2082 1144 2162 Grylli
1167 2080 1353 2160 honorem⁸)

136 2165 360 2246 inscripturum
389 2163 485 2228 tuisse
506 2171 611 2244 putet,
645 2166 703 2227 nisi
736 2172 857 2245 patrem
881 2165 993 2228 mortui
1023 2182 1142 2228 summo
1166 2164 1283 2229 bonore
1306 2183 1353 2229 co·

137 2247 259 2311 luisset.
315 2247 553 2326 Xenophontem
584 2265 658 2309 vero
688 2254 854 2327 postquam
887 2245 1000 2309 Eubuli
1029 2247 1152 2325 rogatio
1181 2264 1208 2309 a.
1233 2252 1292 2310 369
1326 2249 1354 2310 ei

138 2330 221 2394 viam
244 2331 275 2393 in
302 2330 438 2411 patriam
462 2329 628 2409 patefecit,
658 2328 788 2393 rediisse
816 2346 851 2392 re
873 2347 949 2391 vera
968 2346 1035 2392 cum
1058 2329 1164 2408 aliqua
1187 2329 1355 2408 probabili-

136 2413 215 2474 tatis
238 2413 341 2492 specie
363 2411 452 2474 nobis
472 2412 661 2476 contendere
683 2411 764 2474 lieet.
807 2411 975 2475 conditum
1006 2416 1054 2475 est
1075 2429 1132 2490 pro
1155 2409 1355 2474 Atheniensi-

120 2493 196 2577 bus
220 2493 426 2559 Comment.l.
445 2495 490 2556 111
507 2512 554 2573 cp.
569 2501 596 2572 5,
619 2493 763 2558 conditus
785 2500 833 2557 est
855 2511 961 2556 eorum
980 2494 1011 2555 in
1031 2494 1198 2556 utilitatem
1220 2493 1355 2573 Hippar-

139 2576 255 2653 chieus,
278 2575 425 2640 conditus
448 2582 498 2638 est
520 2575 753 2638 Atheniensium
776 2574 945 2640 commodis
967 2576 1119 2654 respectis
1143 2574 1181 2637 de
1203 2575 1356 2639 reditibus

104 2689 107 2694 Δ
138 2657 281 2733 libellus;
313 2659 423 2736 itaque
450 2655 536 2720 haud
557 2656 711 2719 mirabere
735 2657 765 2719 in
795 2657 911 2721 ultimis
933 2656 1148 2736 Xenophontis
1178 2657 1242 2720 stili
1264 2676 1357 2722 cona-

140 2740 274 2805 minibus
288 2738 522 2803 similitudinem
544 2739 736 2802 intercedere
754 2755 821 2802 eum
836 2739 984 2802 Isocrate.
1026 2739 1061 2802 ln
1076 2756 1218 2820 sermone
1233 2757 1358 2819 quoquc

139 2820 378 2903 Xenophontem
408 2821 452 2884 illi
479 2820 610 2884 multum
642 2819 785 2884 debuisse
816 2821 1044 2884 demonstravit
1072 2821 1110 2883 Η.
1139 2820 1288 2899 Schaeht,
1319 2823 1358 2884 de

75 2957 77 2960 ,
140 2903 360 2984 Xenophontis
382 2902 494 2967 studiis
511 2903 685 2983 rhetoricis,
708 2902 833 2968 dissert.
857 2903 957 2968 Berol.
972 2922 999 2968 a.
1015 2904 1093 2966 1890
1111 2903 1183 2965 edit.
1199 2921 1249 2984 pg.
1259 2911 1299 2966 44
1311 2921 1358 2982 sq.

49 3018 51 3022 Α
142 2987 244 3066 Atque
271 2987 404 3066 primum
427 2987 551 3067 quidem
573 2986 680 3049 similis
710 2994 758 3056 est
782 2986 866 3050 locus
897 3004 986 3065 quem
1009 2992 1142 3065 uterque
1164 2986 1194 3048 in
1224 2986 1359 3065 philoso-

144 3069 218 3148 phia
238 3067 363 3133 obtinet
390 3067 440 3148 (ci.
471 3068 509 3131 de
536 3069 675 3133 Isocrate
700 3068 822 3131 Platon.
843 3069 1029 3147 Euthydem.
1054 3072 1149 3145 30n0,
1181 3067 1359 3148 depingitur

143 3151 220 3215 item
241 3149 443 3234 Xenophon);
473 3151 504 3213 in
528 3151 690 3214 sententiis
709 3169 833 3232 quoque
856 3151 894 3213 de
916 3150 1009 3213 rebus
1031 3145 1172 3212 civilibus
1192 3149 1291 3213 multa
1314 3151 1359 3213 in-

146 3234 287 3297 venimus
308 3233 490 3296 communia.
533 3234 574 3296 lu
598 3231 789 3308 Agesilao
810 3250 920 3294 usum
943 3249 1033 3294 esse
1055 3231 1361 3310 Xenophontem

146 3315 348 3380 isocratis
370 3314 559 3392 Euagora
579 3313 653 3376 olim
673 3312 820 3393 probavit
842 3312 1002 3376 Kaibelius
1025 3313 1173 3393 exemplis
1195 3314 1317 3379 allatis:

428 3418 538 3472 lacerat.
559 3420 643 3487 Euag.
874 3419 944 3472 Xen.
966 3418 1085 3487 Agent-

495 3502 542 3580 ιιι,
566 3509 600 3564 ιι
930 3504 981 3579 ιιι,
1008 3508 1043 3564 ιιι

494 3584 542 3665 ιιι,
567 3591 605 3646 is
927 3585 980 3663 in,
1005 3589 1021 3645 ι

150 3680 258 3769 Nuper
297 3682 352 3754 lvo
386 3689 489 3754 Bruns
528 3691 560 3754 in
600 3691 873 3771 commentatione,
915 3691 963 3754 cui
998 3688 1172 3768 inscripsit:
1213 3685 1251 3749 de
1284 3686 1361 3748 Xen.

151 3768 296 3848 Agesilao
319 3773 420 3852 capite
442 3771 487 3836 XI
521 3773 642 3852 (Progr.
670 3773 725 3836 der
745 3771 852 3835 Kieler
872 3771 1069 3836 Universittt
1089 3791 1126 3834 uu
1149 3769 1279 3833 Kaisers
1304 3767 1362 3831 Ge-

150 3851 297 3933 burtstag
334 3855 422 3936 1895)
457 3872 509 3935 pg.
536 3857 572 3918 12
593 3872 639 3934 sq.
672 3856 702 3917 in
734 3854 879 3933 Agesilao
912 3853 1131 3919 conscribendo
1164 3846 1363 3930 Xenophonti

150 3984 345 3995 *-

224 4048 251 4112 l)
272 4047 306 4101 ef.
326 4048 361 4101 ad
379 4049 450 4103 hanc
468 4048 703 4117 quaestiunculam
718 4047 917 4118 disputationes
936 4047 1067 4115 quasdam
1083 4043 1209 4099 Henkelii
1226 4044 1366 4115 ‘Isocrates

153 4114 209 4167 und
234 4114 406 4186 Xenophon'.
436 4118 487 4171 Zur
508 4117 669 4172 Geschichte
694 4119 738 4170 dsr
763 4117 865 4186 griecb.
889 4114 1183 4181 Staatswissenscbaft,
1208 4114 1301 4180 Progr.
1320 4111 1367 4165 des

154 4183 253 4252 Gymn.
273 4203 306 4238 zu
323 4187 469 4241 Salawedel
489 4187 554 4240 1866
580 4187 636 4239 und
661 4186 707 4241 des
726 4186 786 4254 Gyn
800 4205 825 4239 n.
853 4203 885 4237 au
904 4185 1057 4238 Seehausen
1078 4185 1152 4237 1867.
1172 4211 1205 4219 -
1225 4181 1249 4234 J.
1270 4181 1366 4245 Bruns,

154 4251 209 4306 Das
227 4253 329 4308 literar.
347 4256 456 4309 Portrht
474 4255 522 4309 der
541 4255 676 4310 Griechen
696 4256 769 4318 1896,
788 4273 834 4323 pg.
856 4255 905 4307 115
923 4272 961 4321 sq.

230 4339 256 4402 2)
276 4340 370 4395 eodem
382 4359 454 4411 pago
465 4341 518 4394 orti
528 4345 608 4396 erant
618 4342 748 4396 Isocrates
761 4344 790 4395 et
799 4338 963 4408 Xenophon,
981 4354 1075 4408 epago
1088 4336 1137 4404 qui
1150 4334 1249 4389 dieitur
1260 4332 1369 4387 Erchia.
1398 4338 1400 4342 '

223 4422 251 4493 3)
268 4423 359 4479 Laert.
378 4426 456 4496 Diog.
475 4427 510 4494 lI,
531 4428 573 4482 55.
