<?xml version="1.0" encoding="UTF-8"?>
<!DOCTYPE html PUBLIC "-//W3C//DTD XHTML 1.0 Transitional//EN"
    "http://www.w3.org/TR/xhtml1/DTD/xhtml1-transitional.dtd">
<html xmlns="http://www.w3.org/1999/xhtml" xml:lang="en" lang="en">
 <head>
  <title>
</title>
<meta http-equiv="Content-Type" content="text/html;charset=utf-8" />
  <meta name='ocr-system' content='tesseract 3.04.00' />
  <meta name='ocr-capabilities' content='ocr_page ocr_carea ocr_par ocr_line ocrx_word'/>
</head>
<body>
  <div class='ocr_page' id='page_1' title='image "./quaestionesxeno00dahmgoog_0051.png"; bbox 0 0 2964 4980; ppageno 0'>
   <div class='ocr_carea' id='block_1_1' title="bbox 723 340 761 398">
    <p class='ocr_par' dir='ltr' id='par_1_1' title="bbox 723 340 761 398">
     <span class='ocr_line' id='line_1_1' title="bbox 723 340 761 398; baseline 0.026 -1"><span class='ocrx_word' id='word_1_1' title='bbox 723 340 761 398; x_wconf 78' lang='grc'>36</span> 
     </span>
    </p>
   </div>
   <div class='ocr_carea' id='block_1_2' title="bbox 129 513 1353 679">
    <p class='ocr_par' dir='ltr' id='par_1_2' title="bbox 129 513 1353 679">
     <span class='ocr_line' id='line_1_2' title="bbox 133 513 1353 660; baseline 0 -82"><span class='ocrx_word' id='word_1_2' title='bbox 133 533 184 597; x_wconf 82' lang='lat' dir='ltr'>pg.</span> <span class='ocrx_word' id='word_1_3' title='bbox 202 518 264 660; x_wconf 81' lang='lat' dir='ltr'>155t</span> <span class='ocrx_word' id='word_1_4' title='bbox 272 516 341 596; x_wconf 81' lang='lat' dir='ltr'>sq).</span> <span class='ocrx_word' id='word_1_5' title='bbox 386 516 489 593; x_wconf 82' lang='lat' dir='ltr'>Quare</span> <span class='ocrx_word' id='word_1_6' title='bbox 510 521 542 580; x_wconf 93' lang='lat' dir='ltr'>et</span> <span class='ocrx_word' id='word_1_7' title='bbox 563 533 660 579; x_wconf 84' lang='lat' dir='ltr'>nexus</span> <span class='ocrx_word' id='word_1_8' title='bbox 683 519 715 578; x_wconf 93' lang='lat' dir='ltr'>et</span> <span class='ocrx_word' id='word_1_9' title='bbox 737 514 903 580; x_wconf 91' lang='lat' dir='ltr'>diversitas</span> <span class='ocrx_word' id='word_1_10' title='bbox 924 513 1032 578; x_wconf 91' lang='lat' dir='ltr'>horum</span> <span class='ocrx_word' id='word_1_11' title='bbox 1052 516 1239 597; x_wconf 90' lang='lat' dir='ltr'>scriptorum</span> <span class='ocrx_word' id='word_1_12' title='bbox 1257 514 1353 596; x_wconf 88' lang='lat' dir='ltr'>plane</span> 
     </span>
     <span class='ocr_line' id='line_1_3' title="bbox 129 616 274 679; baseline -0.014 -17"><span class='ocrx_word' id='word_1_13' title='bbox 129 616 247 679; x_wconf 87' lang='lat' dir='ltr'>appare</span> <span class='ocrx_word' id='word_1_14' title='bbox 266 645 274 660; x_wconf 90' lang='grc'><strong>.</strong></span> 
     </span>
    </p>
   </div>
   <div class='ocr_carea' id='block_1_3' title="bbox 130 680 1353 858">
    <p class='ocr_par' dir='ltr' id='par_1_3' title="bbox 130 680 1353 858">
     <span class='ocr_line' id='line_1_4' title="bbox 212 680 1353 775; baseline -0.001 -15"><span class='ocrx_word' id='word_1_15' title='bbox 212 694 475 760; x_wconf 79' lang='lat' dir='ltr'>ln‘Conrivio</span> <span class='ocrx_word' id='word_1_16' title='bbox 498 696 715 775; x_wconf 77' lang='lat' dir='ltr'>Xenophontis</span> <span class='ocrx_word' id='word_1_17' title='bbox 746 695 843 759; x_wconf 90' lang='lat' dir='ltr'>multa</span> <span class='ocrx_word' id='word_1_18' title='bbox 869 696 1064 758; x_wconf 69' lang='lat' dir='ltr'>Antisthenis</span> <span class='ocrx_word' id='word_1_19' title='bbox 1089 680 1353 775; x_wconf 69' lang='lat' dir='ltr'>deprehendimus</span> 
     </span>
     <span class='ocr_line' id='line_1_5' title="bbox 130 777 1119 858; baseline -0.002 -16"><span class='ocrx_word' id='word_1_20' title='bbox 130 779 263 858; x_wconf 85' lang='lat' dir='ltr'>vestigia</span> <span class='ocrx_word' id='word_1_21' title='bbox 287 777 439 858; x_wconf 76' lang='lat' dir='ltr'>(conferas</span> <span class='ocrx_word' id='word_1_22' title='bbox 460 777 561 856; x_wconf 76' lang='lat' dir='ltr'>infra),</span> <span class='ocrx_word' id='word_1_23' title='bbox 585 778 782 842; x_wconf 90' lang='lat' dir='ltr'>differentiae</span> <span class='ocrx_word' id='word_1_24' title='bbox 803 779 906 841; x_wconf 91' lang='lat' dir='ltr'>minus</span> <span class='ocrx_word' id='word_1_25' title='bbox 929 787 1119 858; x_wconf 85' lang='lat' dir='ltr'>comparent.</span> 
     </span>
    </p>
   </div>
   <div class='ocr_carea' id='block_1_4' title="bbox 131 908 1354 1154">
    <p class='ocr_par' dir='ltr' id='par_1_4' title="bbox 131 908 1354 1154">
     <span class='ocr_line' id='line_1_6' title="bbox 231 908 1353 989; baseline -0.001 -16"><span class='ocrx_word' id='word_1_26' title='bbox 231 911 307 974; x_wconf 85' lang='lat' dir='ltr'><strong>Item</strong></span> <span class='ocrx_word' id='word_1_27' title='bbox 337 910 439 989; x_wconf 90' lang='lat' dir='ltr'>primo</span> <span class='ocrx_word' id='word_1_28' title='bbox 470 909 592 973; x_wconf 84' lang='lat' dir='ltr'>obtuitu</span> <span class='ocrx_word' id='word_1_29' title='bbox 624 908 741 973; x_wconf 89' lang='lat' dir='ltr'>clarum</span> <span class='ocrx_word' id='word_1_30' title='bbox 774 909 811 972; x_wconf 85' lang='lat' dir='ltr'>tit</span> <span class='ocrx_word' id='word_1_31' title='bbox 841 909 1056 989; x_wconf 78' lang='lat' dir='ltr'>Xenophontis</span> <span class='ocrx_word' id='word_1_32' title='bbox 1089 919 1120 971; x_wconf 90' lang='lat' dir='ltr'>et</span> <span class='ocrx_word' id='word_1_33' title='bbox 1152 909 1353 973; x_wconf 80' lang='lat' dir='ltr'>Antisthenis</span> 
     </span>
     <span class='ocr_line' id='line_1_7' title="bbox 132 991 1354 1072; baseline -0.002 -16"><span class='ocrx_word' id='word_1_34' title='bbox 132 992 461 1066; x_wconf 80' lang='lat' dir='ltr'>Oeconomicos1)</span> <span class='ocrx_word' id='word_1_35' title='bbox 492 991 628 1072; x_wconf 79' lang='lat' dir='ltr'>naturali</span> <span class='ocrx_word' id='word_1_36' title='bbox 662 993 799 1072; x_wconf 90' lang='lat' dir='ltr'>quadarn</span> <span class='ocrx_word' id='word_1_37' title='bbox 832 993 982 1055; x_wconf 88' lang='lat' dir='ltr'>societate</span> <span class='ocrx_word' id='word_1_38' title='bbox 1015 994 1094 1053; x_wconf 86' lang='lat' dir='ltr'>inter</span> <span class='ocrx_word' id='word_1_39' title='bbox 1122 1010 1155 1053; x_wconf 90' lang='lat' dir='ltr'>se</span> <span class='ocrx_word' id='word_1_40' title='bbox 1187 1010 1257 1055; x_wconf 89' lang='lat' dir='ltr'>esse</span> <span class='ocrx_word' id='word_1_41' title='bbox 1279 1011 1354 1056; x_wconf 88' lang='lat' dir='ltr'>con·</span> 
     </span>
     <span class='ocr_line' id='line_1_8' title="bbox 131 1072 1352 1154; baseline 0 -16"><span class='ocrx_word' id='word_1_42' title='bbox 131 1076 268 1152; x_wconf 77' lang='lat' dir='ltr'>iunctoS,</span> <span class='ocrx_word' id='word_1_43' title='bbox 300 1073 336 1137; x_wconf 90' lang='lat' dir='ltr'>cl.</span> <span class='ocrx_word' id='word_1_44' title='bbox 358 1073 471 1153; x_wconf 85' lang='lat' dir='ltr'>Vogel,</span> <span class='ocrx_word' id='word_1_45' title='bbox 502 1074 552 1137; x_wconf 89' lang='lat' dir='ltr'>die</span> <span class='ocrx_word' id='word_1_46' title='bbox 576 1072 752 1137; x_wconf 87' lang='lat' dir='ltr'>Okonomik</span> <span class='ocrx_word' id='word_1_47' title='bbox 778 1075 833 1137; x_wconf 91' lang='lat' dir='ltr'>des</span> <span class='ocrx_word' id='word_1_48' title='bbox 857 1073 1025 1153; x_wconf 81' lang='lat' dir='ltr'>Xenophon</span> <span class='ocrx_word' id='word_1_49' title='bbox 1057 1073 1231 1153; x_wconf 79' lang='lat' dir='ltr'>(Erlangen</span> <span class='ocrx_word' id='word_1_50' title='bbox 1261 1077 1352 1154; x_wconf 81' lang='grc'>1895)</span> 
     </span>
    </p>
   </div>
   <div class='ocr_carea' id='block_1_5' title="bbox 132 1163 1355 2490">
    <p class='ocr_par' dir='ltr' id='par_1_5' title="bbox 132 1163 333 1238">
     <span class='ocr_line' id='line_1_9' title="bbox 132 1163 333 1238; baseline -0.02 -18"><span class='ocrx_word' id='word_1_51' title='bbox 132 1175 182 1238; x_wconf 87' lang='lat' dir='ltr'>pg.</span> <span class='ocrx_word' id='word_1_52' title='bbox 206 1163 243 1220; x_wconf 81' lang='lat'>37</span> <span class='ocrx_word' id='word_1_53' title='bbox 268 1174 333 1237; x_wconf 87' lang='lat' dir='ltr'>sqq.</span> 
     </span>
    </p>

    <p class='ocr_par' dir='ltr' id='par_1_6' title="bbox 135 1249 1355 2490">
     <span class='ocr_line' id='line_1_10' title="bbox 217 1249 1354 1335; baseline -0.003 -15"><span class='ocrx_word' id='word_1_54' title='bbox 217 1257 263 1320; x_wconf 89' lang='lat' dir='ltr'>Ad</span> <span class='ocrx_word' id='word_1_55' title='bbox 292 1261 463 1319; x_wconf 85' lang='lat' dir='ltr'>extromum</span> <span class='ocrx_word' id='word_1_56' title='bbox 489 1254 723 1335; x_wconf 74' lang='lat' dir='ltr'>Xenophontis,</span> <span class='ocrx_word' id='word_1_57' title='bbox 758 1256 808 1335; x_wconf 90' lang='lat' dir='ltr'>qui</span> <span class='ocrx_word' id='word_1_58' title='bbox 843 1254 969 1318; x_wconf 88' lang='lat' dir='ltr'>Hiero</span> <span class='ocrx_word' id='word_1_59' title='bbox 1005 1249 1184 1320; x_wconf 78' lang='lat' dir='ltr'>inscribitur</span> <span class='ocrx_word' id='word_1_60' title='bbox 1217 1255 1354 1329; x_wconf 86' lang='lat' dir='ltr'>libellus,</span> 
     </span>
     <span class='ocr_line' id='line_1_11' title="bbox 135 1338 1353 1418; baseline -0.002 -15"><span class='ocrx_word' id='word_1_61' title='bbox 135 1341 166 1403; x_wconf 91' lang='lat' dir='ltr'>in</span> <span class='ocrx_word' id='word_1_62' title='bbox 189 1356 317 1403; x_wconf 82' lang='lat' dir='ltr'>examen</span> <span class='ocrx_word' id='word_1_63' title='bbox 334 1347 473 1402; x_wconf 91' lang='lat' dir='ltr'>vocetur.</span> <span class='ocrx_word' id='word_1_64' title='bbox 516 1339 584 1415; x_wconf 84' lang='lat' dir='ltr'>Quo</span> <span class='ocrx_word' id='word_1_65' title='bbox 610 1339 640 1400; x_wconf 95' lang='lat' dir='ltr'>in</span> <span class='ocrx_word' id='word_1_66' title='bbox 662 1341 809 1417; x_wconf 91' lang='lat' dir='ltr'>opusculo</span> <span class='ocrx_word' id='word_1_67' title='bbox 829 1338 911 1400; x_wconf 89' lang='lat' dir='ltr'>haud</span> <span class='ocrx_word' id='word_1_68' title='bbox 937 1339 999 1399; x_wconf 91' lang='lat' dir='ltr'>scio</span> <span class='ocrx_word' id='word_1_69' title='bbox 1023 1357 1060 1399; x_wconf 92' lang='lat' dir='ltr'>an</span> <span class='ocrx_word' id='word_1_70' title='bbox 1083 1339 1221 1418; x_wconf 81' lang='lat' dir='ltr'>scriptor</span> <span class='ocrx_word' id='word_1_71' title='bbox 1244 1348 1353 1402; x_wconf 86' lang='lat' dir='ltr'>contra</span> 
     </span>
     <span class='ocr_line' id='line_1_12' title="bbox 136 1421 1352 1500; baseline -0.004 -14"><span class='ocrx_word' id='word_1_72' title='bbox 136 1423 352 1486; x_wconf 90' lang='lat' dir='ltr'>Antisthenem</span> <span class='ocrx_word' id='word_1_73' title='bbox 375 1439 408 1484; x_wconf 92' lang='lat' dir='ltr'>se</span> <span class='ocrx_word' id='word_1_74' title='bbox 441 1422 581 1484; x_wconf 88' lang='lat' dir='ltr'>verterit.</span> <span class='ocrx_word' id='word_1_75' title='bbox 625 1421 825 1500; x_wconf 86' lang='lat' dir='ltr'>Xenophonti</span> <span class='ocrx_word' id='word_1_76' title='bbox 857 1421 936 1481; x_wconf 87' lang='lat' dir='ltr'>enirn</span> <span class='ocrx_word' id='word_1_77' title='bbox 962 1437 1150 1499; x_wconf 88' lang='lat' dir='ltr'>quamquam</span> <span class='ocrx_word' id='word_1_78' title='bbox 1173 1421 1268 1500; x_wconf 74' lang='lat' dir='ltr'>[olane</span> <span class='ocrx_word' id='word_1_79' title='bbox 1292 1422 1352 1484; x_wconf 83' lang='lat' dir='ltr'>dis·</span> 
     </span>
     <span class='ocr_line' id='line_1_13' title="bbox 136 1502 1353 1586; baseline -0.003 -19"><span class='ocrx_word' id='word_1_80' title='bbox 136 1505 244 1586; x_wconf 80' lang='lat' dir='ltr'>plicuit</span> <span class='ocrx_word' id='word_1_81' title='bbox 271 1502 371 1583; x_wconf 88' lang='lat' dir='ltr'>plebis</span> <span class='ocrx_word' id='word_1_82' title='bbox 401 1505 562 1583; x_wconf 89' lang='lat' dir='ltr'>imperium</span> <span class='ocrx_word' id='word_1_83' title='bbox 594 1512 625 1566; x_wconf 93' lang='lat' dir='ltr'>et</span> <span class='ocrx_word' id='word_1_84' title='bbox 654 1522 840 1584; x_wconf 89' lang='lat' dir='ltr'>quamquam</span> <span class='ocrx_word' id='word_1_85' title='bbox 873 1503 972 1579; x_wconf 80' lang='lat' dir='ltr'>magis</span> <span class='ocrx_word' id='word_1_86' title='bbox 1004 1504 1168 1584; x_wconf 82' lang='lat' dir='ltr'>magisque</span> <span class='ocrx_word' id='word_1_87' title='bbox 1191 1521 1262 1566; x_wconf 87' lang='lat' dir='ltr'>earn</span> <span class='ocrx_word' id='word_1_88' title='bbox 1284 1522 1353 1567; x_wconf 92' lang='lat' dir='ltr'>cou-</span> 
     </span>
     <span class='ocr_line' id='line_1_14' title="bbox 137 1583 1352 1666; baseline -0.002 -16"><span class='ocrx_word' id='word_1_89' title='bbox 137 1588 286 1650; x_wconf 89' lang='lat' dir='ltr'>dicionem</span> <span class='ocrx_word' id='word_1_90' title='bbox 310 1586 381 1648; x_wconf 88' lang='lat' dir='ltr'>odio</span> <span class='ocrx_word' id='word_1_91' title='bbox 403 1593 584 1666; x_wconf 90' lang='lat' dir='ltr'>persecutus</span> <span class='ocrx_word' id='word_1_92' title='bbox 607 1595 665 1660; x_wconf 86' lang='lat' dir='ltr'>est,</span> <span class='ocrx_word' id='word_1_93' title='bbox 696 1587 725 1648; x_wconf 92' lang='lat' dir='ltr'>in</span> <span class='ocrx_word' id='word_1_94' title='bbox 751 1605 843 1666; x_wconf 91' lang='lat' dir='ltr'>qnam</span> <span class='ocrx_word' id='word_1_95' title='bbox 866 1583 966 1663; x_wconf 91' lang='lat' dir='ltr'>plebis</span> <span class='ocrx_word' id='word_1_96' title='bbox 988 1585 1148 1661; x_wconf 90' lang='lat' dir='ltr'>imperinm</span> <span class='ocrx_word' id='word_1_97' title='bbox 1174 1588 1352 1649; x_wconf 88' lang='lat' dir='ltr'>necessario</span> 
     </span>
     <span class='ocr_line' id='line_1_15' title="bbox 139 1667 1352 1750; baseline -0.003 -17"><span class='ocrx_word' id='word_1_98' title='bbox 139 1670 212 1747; x_wconf 85' lang='lat' dir='ltr'>exit,</span> <span class='ocrx_word' id='word_1_99' title='bbox 236 1668 433 1747; x_wconf 86' lang='lat' dir='ltr'>tyrannidem</span> <span class='ocrx_word' id='word_1_100' title='bbox 447 1667 525 1746; x_wconf 87' lang='lat' dir='ltr'>dico,</span> <span class='ocrx_word' id='word_1_101' title='bbox 542 1675 645 1732; x_wconf 88' lang='lat' dir='ltr'>tamen</span> <span class='ocrx_word' id='word_1_102' title='bbox 659 1670 688 1730; x_wconf 94' lang='lat' dir='ltr'>in</span> <span class='ocrx_word' id='word_1_103' title='bbox 703 1669 847 1748; x_wconf 87' lang='lat' dir='ltr'>llicroue,</span> <span class='ocrx_word' id='word_1_104' title='bbox 870 1684 932 1746; x_wconf 90' lang='lat' dir='ltr'>qua</span> <span class='ocrx_word' id='word_1_105' title='bbox 951 1668 1071 1728; x_wconf 86' lang='lat' dir='ltr'>ratione</span> <span class='ocrx_word' id='word_1_106' title='bbox 1092 1668 1187 1729; x_wconf 86' lang='lat' dir='ltr'>etiarn</span> <span class='ocrx_word' id='word_1_107' title='bbox 1206 1678 1352 1750; x_wconf 92' lang='lat' dir='ltr'>tyranno·</span> 
     </span>
     <span class='ocr_line' id='line_1_16' title="bbox 139 1750 1353 1831; baseline -0.002 -16"><span class='ocrx_word' id='word_1_108' title='bbox 139 1770 206 1815; x_wconf 91' lang='lat' dir='ltr'>rum</span> <span class='ocrx_word' id='word_1_109' title='bbox 229 1752 295 1813; x_wconf 86' lang='lat' dir='ltr'>vita</span> <span class='ocrx_word' id='word_1_110' title='bbox 318 1756 350 1812; x_wconf 87' lang='lat' dir='ltr'>et</span> <span class='ocrx_word' id='word_1_111' title='bbox 372 1751 533 1813; x_wconf 90' lang='lat' dir='ltr'>iucundior</span> <span class='ocrx_word' id='word_1_112' title='bbox 555 1758 587 1813; x_wconf 91' lang='lat' dir='ltr'>ct</span> <span class='ocrx_word' id='word_1_113' title='bbox 606 1750 710 1813; x_wconf 90' lang='lat' dir='ltr'>utilior</span> <span class='ocrx_word' id='word_1_114' title='bbox 730 1769 797 1814; x_wconf 88' lang='lat' dir='ltr'>esse</span> <span class='ocrx_word' id='word_1_115' title='bbox 813 1754 917 1831; x_wconf 85' lang='lat' dir='ltr'>queat,</span> <span class='ocrx_word' id='word_1_116' title='bbox 940 1756 1076 1810; x_wconf 83' lang='lat' dir='ltr'>enarrat.</span> <span class='ocrx_word' id='word_1_117' title='bbox 1121 1751 1233 1829; x_wconf 88' lang='lat' dir='ltr'>ltaque</span> <span class='ocrx_word' id='word_1_118' title='bbox 1252 1751 1279 1813; x_wconf 93' lang='lat' dir='ltr'>ei</span> <span class='ocrx_word' id='word_1_119' title='bbox 1297 1750 1353 1812; x_wconf 88' lang='lat' dir='ltr'>hac</span> 
     </span>
     <span class='ocr_line' id='line_1_17' title="bbox 138 1831 1352 1897; baseline -0.004 0"><span class='ocrx_word' id='word_1_120' title='bbox 138 1835 169 1897; x_wconf 92' lang='lat' dir='ltr'>in</span> <span class='ocrx_word' id='word_1_121' title='bbox 192 1851 225 1896; x_wconf 90' lang='lat' dir='ltr'>re</span> <span class='ocrx_word' id='word_1_122' title='bbox 248 1832 342 1896; x_wconf 90' lang='lat' dir='ltr'>nimis</span> <span class='ocrx_word' id='word_1_123' title='bbox 364 1831 496 1895; x_wconf 86' lang='lat' dir='ltr'>acerbus</span> <span class='ocrx_word' id='word_1_124' title='bbox 515 1831 717 1895; x_wconf 82' lang='lat' dir='ltr'>Antisthenes</span> <span class='ocrx_word' id='word_1_125' title='bbox 739 1835 820 1896; x_wconf 89' lang='lat' dir='ltr'>visus</span> <span class='ocrx_word' id='word_1_126' title='bbox 843 1838 901 1894; x_wconf 88' lang='lat' dir='ltr'>est.</span> <span class='ocrx_word' id='word_1_127' title='bbox 944 1831 1042 1893; x_wconf 87' lang='lat' dir='ltr'>Extat</span> <span class='ocrx_word' id='word_1_128' title='bbox 1059 1832 1139 1894; x_wconf 87' lang='lat' dir='ltr'>eninr</span> <span class='ocrx_word' id='word_1_129' title='bbox 1157 1832 1352 1895; x_wconf 88' lang='lat' dir='ltr'>Antisthenis</span> 
     </span>
     <span class='ocr_line' id='line_1_18' title="bbox 139 1911 1352 1996; baseline -0.003 -18"><span class='ocrx_word' id='word_1_130' title='bbox 139 1915 176 1979; x_wconf 91' lang='lat' dir='ltr'>de</span> <span class='ocrx_word' id='word_1_131' title='bbox 200 1914 366 1996; x_wconf 86' lang='lat' dir='ltr'>tyrannide</span> <span class='ocrx_word' id='word_1_132' title='bbox 388 1915 504 1978; x_wconf 90' lang='lat' dir='ltr'>dictum</span> <span class='ocrx_word' id='word_1_133' title='bbox 527 1915 610 1994; x_wconf 90' lang='lat' dir='ltr'>apud</span> <span class='ocrx_word' id='word_1_134' title='bbox 634 1914 802 1978; x_wconf 84' lang='lat' dir='ltr'>Stolurenm</span> <span class='ocrx_word' id='word_1_135' title='bbox 826 1913 875 1990; x_wconf 74' lang='lat' dir='ltr'>(cf.</span> <span class='ocrx_word' id='word_1_136' title='bbox 890 1911 1134 1989; x_wconf 87' lang='lat' dir='ltr'>Winckelmaun,</span> <span class='ocrx_word' id='word_1_137' title='bbox 1157 1915 1352 1977; x_wconf 87' lang='lat' dir='ltr'>Antisthenis</span> 
     </span>
     <span class='ocr_line' id='line_1_19' title="bbox 141 1994 1354 2080; baseline -0.002 -19"><span class='ocrx_word' id='word_1_138' title='bbox 141 1998 252 2076; x_wconf 81' lang='lat' dir='ltr'>fragm.</span> <span class='ocrx_word' id='word_1_139' title='bbox 265 2015 314 2077; x_wconf 67' lang='lat' dir='ltr'>pa.</span> <span class='ocrx_word' id='word_1_140' title='bbox 325 2000 393 2074; x_wconf 82' lang='lat'>59):</span> <span class='ocrx_word' id='word_1_141' title='bbox 415 1997 619 2079; x_wconf 71' lang='grc' dir='ltr'><strong><em>Ἀντισθένης</em></strong></span> <span class='ocrx_word' id='word_1_142' title='bbox 633 1995 652 2060; x_wconf 86' lang='lat' dir='ltr'>o‘</span> <span class='ocrx_word' id='word_1_143' title='bbox 671 1994 849 2080; x_wconf 74' lang='grc' dir='ltr'><strong><em>φιλόσοφος</em></strong></span> <span class='ocrx_word' id='word_1_144' title='bbox 865 1994 941 2068; x_wconf 79' lang='grc' dir='ltr'><strong><em>τούς</em></strong></span> <span class='ocrx_word' id='word_1_145' title='bbox 955 1996 1088 2076; x_wconf 78' lang='grc' dir='ltr'><strong><em>δημίους</em></strong></span> <span class='ocrx_word' id='word_1_146' title='bbox 1103 1996 1354 2078; x_wconf 76' lang='grc' dir='ltr'><strong><em>εὐσεβεστέρους</em></strong></span> 
     </span>
     <span class='ocr_line' id='line_1_20' title="bbox 141 2074 1354 2160; baseline -0.003 -17"><span class='ocrx_word' id='word_1_147' title='bbox 141 2079 247 2160; x_wconf 78' lang='grc' dir='ltr'><strong><em>ἔλεγεν</em></strong></span> <span class='ocrx_word' id='word_1_148' title='bbox 266 2074 350 2144; x_wconf 84' lang='grc' dir='ltr'><strong><em>εἶναι</em></strong></span> <span class='ocrx_word' id='word_1_149' title='bbox 370 2083 436 2140; x_wconf 85' lang='grc' dir='ltr'>τῶν</span> <span class='ocrx_word' id='word_1_150' title='bbox 458 2077 643 2158; x_wconf 82' lang='grc' dir='ltr'><strong><em>τυροίννιον,</em></strong></span> <span class='ocrx_word' id='word_1_151' title='bbox 675 2087 867 2159; x_wconf 67' lang='grc' dir='ltr'><strong><em>πυθομένου</em></strong></span> <span class='ocrx_word' id='word_1_152' title='bbox 892 2079 931 2139; x_wconf 81' lang='grc' dir='ltr'>δέ</span> <span class='ocrx_word' id='word_1_153' title='bbox 950 2100 1034 2149; x_wconf 89' lang='grc' dir='ltr'><strong><em>τινος</em></strong></span> <span class='ocrx_word' id='word_1_154' title='bbox 1054 2078 1115 2160; x_wconf 71' lang='grc' dir='ltr'>τήν</span> <span class='ocrx_word' id='word_1_155' title='bbox 1136 2077 1259 2156; x_wconf 80' lang='grc' dir='ltr'><strong><em>αἰτίαν,</em></strong></span> <span class='ocrx_word' id='word_1_156' title='bbox 1282 2081 1354 2160; x_wconf 63' lang='grc' dir='ltr'>ἔφη,</span> 
     </span>
     <span class='ocr_line' id='line_1_21' title="bbox 140 2159 1354 2245; baseline -0.002 -21"><span class='ocrx_word' id='word_1_157' title='bbox 140 2159 190 2226; x_wconf 81' lang='grc' dir='ltr'>ὅτι</span> <span class='ocrx_word' id='word_1_158' title='bbox 211 2161 278 2223; x_wconf 73' lang='grc' dir='ltr'>ὑπὸ</span> <span class='ocrx_word' id='word_1_159' title='bbox 301 2165 363 2241; x_wconf 73' lang='grc' dir='ltr'>μέν</span> <span class='ocrx_word' id='word_1_160' title='bbox 385 2165 451 2221; x_wconf 82' lang='grc' dir='ltr'>τῶν</span> <span class='ocrx_word' id='word_1_161' title='bbox 473 2162 599 2245; x_wconf 83' lang='grc' dir='ltr'><strong><em>δημίων·</em></strong></span> <span class='ocrx_word' id='word_1_162' title='bbox 621 2159 651 2222; x_wconf 83' lang='grc' dir='ltr'><strong><em>οἱ</em></strong></span> <span class='ocrx_word' id='word_1_163' title='bbox 674 2162 860 2232; x_wconf 80' lang='grc' dir='ltr'><strong><em>α’δικοῡντες</em></strong></span> <span class='ocrx_word' id='word_1_164' title='bbox 880 2161 1108 2238; x_wconf 71' lang='grc' dir='ltr'><strong><em>ἀναιροῦνται,</em></strong></span> <span class='ocrx_word' id='word_1_165' title='bbox 1139 2159 1207 2223; x_wconf 81' lang='lat' dir='ltr'>drrd</span> <span class='ocrx_word' id='word_1_166' title='bbox 1231 2162 1270 2222; x_wconf 78' lang='grc' dir='ltr'>δὲ</span> <span class='ocrx_word' id='word_1_167' title='bbox 1290 2165 1354 2221; x_wconf 84' lang='grc' dir='ltr'>τῶν</span> 
     </span>
     <span class='ocr_line' id='line_1_22' title="bbox 143 2241 1353 2324; baseline -0.001 -18"><span class='ocrx_word' id='word_1_168' title='bbox 143 2242 312 2322; x_wconf 77' lang='grc' dir='ltr'><strong><em>τυράννοιν</em></strong></span> <span class='ocrx_word' id='word_1_169' title='bbox 330 2241 360 2305; x_wconf 80' lang='lat' dir='ltr'>oi</span> <span class='ocrx_word' id='word_1_170' title='bbox 373 2245 477 2324; x_wconf 79' lang='grc' dir='ltr'><strong><em>μηδὲν</em></strong></span> <span class='ocrx_word' id='word_1_171' title='bbox 495 2243 748 2324; x_wconf 77' lang='grc' dir='ltr'><strong><em>οἳμαρτοίνοντες.</em></strong></span> <span class='ocrx_word' id='word_1_172' title='bbox 784 2244 828 2307; x_wconf 81' lang='lat' dir='ltr'>Ci.</span> <span class='ocrx_word' id='word_1_173' title='bbox 846 2248 1009 2322; x_wconf 77' lang='lat' dir='ltr'>praeterea</span> <span class='ocrx_word' id='word_1_174' title='bbox 1025 2242 1147 2320; x_wconf 89' lang='lat' dir='ltr'>epistul.</span> <span class='ocrx_word' id='word_1_175' title='bbox 1161 2243 1280 2306; x_wconf 83' lang='lat' dir='ltr'>Socrat.</span> <span class='ocrx_word' id='word_1_176' title='bbox 1293 2244 1353 2307; x_wconf 82' lang='lat' dir='ltr'>xl:</span> 
     </span>
     <span class='ocr_line' id='line_1_23' title="bbox 141 2321 1353 2408; baseline -0.004 -17"><span class='ocrx_word' id='word_1_177' title='bbox 141 2327 180 2391; x_wconf 81' lang='grc' dir='ltr'><strong><em>ου’</em></strong></span> <span class='ocrx_word' id='word_1_178' title='bbox 198 2325 258 2408; x_wconf 71' lang='lat' dir='ltr'>reip</span> <span class='ocrx_word' id='word_1_179' title='bbox 279 2325 368 2407; x_wconf 74' lang='grc' dir='ltr'><strong><em>αὐτῷ</em></strong></span> <span class='ocrx_word' id='word_1_180' title='bbox 378 2327 454 2403; x_wconf 86' lang='lat' dir='ltr'>(scil.</span> <span class='ocrx_word' id='word_1_181' title='bbox 468 2329 513 2406; x_wconf 80' lang='grc' dir='ltr'>τῷ</span> <span class='ocrx_word' id='word_1_182' title='bbox 530 2326 737 2399; x_wconf 66' lang='grc' dir='ltr'><strong><em>Ἀντισθένει)</em></strong></span> <span class='ocrx_word' id='word_1_183' title='bbox 753 2326 883 2405; x_wconf 81' lang='grc' dir='ltr'><strong><em>οἷρέσκει</em></strong></span> <span class='ocrx_word' id='word_1_184' title='bbox 898 2321 1067 2403; x_wconf 79' lang='grc' dir='ltr'><strong><em>τυράννοις</em></strong></span> <span class='ocrx_word' id='word_1_185' title='bbox 1083 2325 1186 2407; x_wconf 82' lang='grc' dir='ltr'><strong><em>φίλοις</em></strong></span> <span class='ocrx_word' id='word_1_186' title='bbox 1197 2330 1353 2405; x_wconf 66' lang='grc' dir='ltr'><strong><em>χρῆσθαι,</em></strong></span> 
     </span>
     <span class='ocr_line' id='line_1_24' title="bbox 141 2406 1355 2490; baseline -0.003 -18"><span class='ocrx_word' id='word_1_187' title='bbox 141 2417 174 2472; x_wconf 91' lang='lat' dir='ltr'>et</span> <span class='ocrx_word' id='word_1_188' title='bbox 196 2409 277 2490; x_wconf 91' lang='lat' dir='ltr'>quod</span> <span class='ocrx_word' id='word_1_189' title='bbox 300 2409 503 2472; x_wconf 88' lang='lat' dir='ltr'>Antisthenes</span> <span class='ocrx_word' id='word_1_190' title='bbox 528 2408 648 2490; x_wconf 88' lang='lat' dir='ltr'>profert</span> <span class='ocrx_word' id='word_1_191' title='bbox 678 2411 706 2471; x_wconf 92' lang='lat' dir='ltr'>in</span> <span class='ocrx_word' id='word_1_192' title='bbox 729 2409 872 2488; x_wconf 87' lang='lat' dir='ltr'>Xenoph.</span> <span class='ocrx_word' id='word_1_193' title='bbox 896 2407 990 2469; x_wconf 83' lang='lat' dir='ltr'>Coun.</span> <span class='ocrx_word' id='word_1_194' title='bbox 1007 2406 1056 2484; x_wconf 92' lang='lat' dir='ltr'>IV,</span> <span class='ocrx_word' id='word_1_195' title='bbox 1078 2411 1116 2470; x_wconf 75' lang='lat'>36</span> <span class='ocrx_word' id='word_1_196' title='bbox 1146 2406 1355 2488; x_wconf 68' lang='lat' dir='ltr'>ainerti-opor</span> 
     </span>
    </p>
   </div>
   <div class='ocr_carea' id='block_1_6' title="bbox 141 2545 334 2554">
    <p class='ocr_par' dir='ltr' id='par_1_7' title="bbox 141 2545 334 2554">
     <span class='ocr_line' id='line_1_25' title="bbox 141 2545 334 2554; baseline -0.01 -1"><span class='ocrx_word' id='word_1_197' title='bbox 141 2545 334 2554; x_wconf 65' lang='lat'>———-——</span> 
     </span>
    </p>
   </div>
   <div class='ocr_carea' id='block_1_7' title="bbox 213 2601 1357 2723">
    <p class='ocr_par' dir='ltr' id='par_1_8' title="bbox 213 2601 1357 2723">
     <span class='ocr_line' id='line_1_26' title="bbox 213 2601 1357 2723; baseline -0.001 -68"><span class='ocrx_word' id='word_1_198' title='bbox 213 2606 237 2669; x_wconf 87' lang='lat'>1)</span> <span class='ocrx_word' id='word_1_199' title='bbox 265 2601 336 2667; x_wconf 86' lang='lat' dir='ltr'>Quid</span> <span class='ocrx_word' id='word_1_200' title='bbox 361 2601 492 2723; x_wconf 44' lang='lat' dir='ltr'>effectarit</span> <span class='ocrx_word' id='word_1_201' title='bbox 516 2601 545 2654; x_wconf 92' lang='lat' dir='ltr'>in</span> <span class='ocrx_word' id='word_1_202' title='bbox 570 2601 748 2657; x_wconf 88' lang='lat' dir='ltr'>Oeconomico</span> <span class='ocrx_word' id='word_1_203' title='bbox 774 2603 964 2665; x_wconf 86' lang='lat' dir='ltr'>Antisthenes,</span> <span class='ocrx_word' id='word_1_204' title='bbox 992 2601 1113 2655; x_wconf 88' lang='lat' dir='ltr'>conicere</span> <span class='ocrx_word' id='word_1_205' title='bbox 1140 2601 1204 2655; x_wconf 89' lang='lat' dir='ltr'>licet</span> <span class='ocrx_word' id='word_1_206' title='bbox 1229 2602 1273 2671; x_wconf 75' lang='lat' dir='ltr'>(cf.</span> <span class='ocrx_word' id='word_1_207' title='bbox 1299 2602 1357 2655; x_wconf 90' lang='lat' dir='ltr'>Joel</span> 
     </span>
    </p>
   </div>
   <div class='ocr_carea' id='block_1_8' title="bbox 142 2671 1362 3710">
    <p class='ocr_par' dir='ltr' id='par_1_9' title="bbox 142 2671 1362 3710">
     <span class='ocr_line' id='line_1_27' title="bbox 144 2671 1356 2742; baseline -0.002 -18"><span class='ocrx_word' id='word_1_208' title='bbox 144 2691 188 2742; x_wconf 87' lang='lat' dir='ltr'>pg.</span> <span class='ocrx_word' id='word_1_209' title='bbox 208 2672 283 2738; x_wconf 85' lang='lat'>390);</span> <span class='ocrx_word' id='word_1_210' title='bbox 312 2671 366 2724; x_wconf 89' lang='lat' dir='ltr'>hau</span> <span class='ocrx_word' id='word_1_211' title='bbox 404 2672 458 2723; x_wconf 91' lang='lat' dir='ltr'>scio</span> <span class='ocrx_word' id='word_1_212' title='bbox 478 2689 513 2724; x_wconf 87' lang='lat' dir='ltr'>an</span> <span class='ocrx_word' id='word_1_213' title='bbox 533 2671 616 2725; x_wconf 87' lang='lat' dir='ltr'>fuerit</span> <span class='ocrx_word' id='word_1_214' title='bbox 635 2672 789 2726; x_wconf 89' lang='lat' dir='ltr'>coniunctio</span> <span class='ocrx_word' id='word_1_215' title='bbox 808 2672 875 2726; x_wconf 85' lang='lat' dir='ltr'>artis</span> <span class='ocrx_word' id='word_1_216' title='bbox 893 2671 1021 2740; x_wconf 88' lang='lat' dir='ltr'>politicae</span> <span class='ocrx_word' id='word_1_217' title='bbox 1039 2675 1068 2724; x_wconf 92' lang='lat' dir='ltr'>et</span> <span class='ocrx_word' id='word_1_218' title='bbox 1086 2671 1284 2734; x_wconf 69' lang='lat' dir='ltr'>oeconomicam,</span> <span class='ocrx_word' id='word_1_219' title='bbox 1303 2672 1356 2723; x_wconf 86' lang='lat' dir='ltr'>t&#39;or-</span> 
     </span>
     <span class='ocr_line' id='line_1_28' title="bbox 142 2740 1358 2802; baseline -0.002 -6"><span class='ocrx_word' id='word_1_220' title='bbox 142 2749 216 2796; x_wconf 88' lang='lat' dir='ltr'>tasse</span> <span class='ocrx_word' id='word_1_221' title='bbox 235 2740 333 2794; x_wconf 86' lang='lat' dir='ltr'>alludit</span> <span class='ocrx_word' id='word_1_222' title='bbox 351 2741 431 2793; x_wconf 87' lang='lat' dir='ltr'>Plato</span> <span class='ocrx_word' id='word_1_223' title='bbox 450 2741 485 2793; x_wconf 92' lang='lat' dir='ltr'>ad</span> <span class='ocrx_word' id='word_1_224' title='bbox 503 2741 680 2794; x_wconf 85' lang='lat' dir='ltr'>Antisthenes</span> <span class='ocrx_word' id='word_1_225' title='bbox 698 2741 831 2795; x_wconf 89' lang='lat' dir='ltr'>rationem</span> <span class='ocrx_word' id='word_1_226' title='bbox 851 2742 879 2793; x_wconf 88' lang='lat' dir='ltr'>iu</span> <span class='ocrx_word' id='word_1_227' title='bbox 898 2741 1013 2794; x_wconf 89' lang='lat' dir='ltr'>Politico</span> <span class='ocrx_word' id='word_1_228' title='bbox 1030 2741 1079 2793; x_wconf 70' lang='lat'>‘267</span> <span class='ocrx_word' id='word_1_229' title='bbox 1091 2741 1110 2792; x_wconf 81' lang='lat'>0</span> <span class='ocrx_word' id='word_1_230' title='bbox 1121 2769 1153 2777; x_wconf 93' lang='lat'>—</span> <span class='ocrx_word' id='word_1_231' title='bbox 1164 2740 1215 2793; x_wconf 80' lang='lat'>275</span> <span class='ocrx_word' id='word_1_232' title='bbox 1226 2741 1260 2802; x_wconf 83' lang='lat' dir='ltr'>e;</span> <span class='ocrx_word' id='word_1_233' title='bbox 1285 2743 1358 2793; x_wconf 87' lang='lat' dir='ltr'>certe</span> 
     </span>
     <span class='ocr_line' id='line_1_29' title="bbox 144 2809 1358 2864; baseline -0.002 0"><span class='ocrx_word' id='word_1_234' title='bbox 144 2810 320 2864; x_wconf 84' lang='lat' dir='ltr'>Antisthenes</span> <span class='ocrx_word' id='word_1_235' title='bbox 346 2809 443 2863; x_wconf 88' lang='lat' dir='ltr'>studiis</span> <span class='ocrx_word' id='word_1_236' title='bbox 470 2809 524 2862; x_wconf 90' lang='lat' dir='ltr'>suis</span> <span class='ocrx_word' id='word_1_237' title='bbox 548 2810 698 2864; x_wconf 86' lang='lat' dir='ltr'>Homericis</span> <span class='ocrx_word' id='word_1_238' title='bbox 725 2812 761 2864; x_wconf 91' lang='lat' dir='ltr'>ad</span> <span class='ocrx_word' id='word_1_239' title='bbox 789 2828 849 2864; x_wconf 88' lang='lat' dir='ltr'>eam</span> <span class='ocrx_word' id='word_1_240' title='bbox 874 2811 1040 2864; x_wconf 89' lang='lat' dir='ltr'>sententiam</span> <span class='ocrx_word' id='word_1_241' title='bbox 1069 2809 1202 2862; x_wconf 87' lang='lat' dir='ltr'>adductus</span> <span class='ocrx_word' id='word_1_242' title='bbox 1230 2812 1278 2863; x_wconf 86' lang='lat' dir='ltr'>est.</span> <span class='ocrx_word' id='word_1_243' title='bbox 1327 2809 1358 2862; x_wconf 90' lang='lat' dir='ltr'>ln</span> 
     </span>
     <span class='ocr_line' id='line_1_30' title="bbox 144 2877 1356 2966; baseline -0.004 -32"><span class='ocrx_word' id='word_1_244' title='bbox 144 2882 226 2934; x_wconf 82' lang='lat' dir='ltr'>Conv.</span> <span class='ocrx_word' id='word_1_245' title='bbox 252 2879 379 2949; x_wconf 90' lang='lat' dir='ltr'>Xenoph.</span> <span class='ocrx_word' id='word_1_246' title='bbox 402 2880 480 2942; x_wconf 83' lang='lat' dir='ltr'><strong>IV‚6</strong></span> <span class='ocrx_word' id='word_1_247' title='bbox 514 2879 555 2933; x_wconf 87' lang='lat' dir='ltr'>ait</span> <span class='ocrx_word' id='word_1_248' title='bbox 580 2879 735 2948; x_wconf 88' lang='lat' dir='ltr'>Niceratus,</span> <span class='ocrx_word' id='word_1_249' title='bbox 771 2880 819 2966; x_wconf 78' lang='lat' dir='ltr'>qui</span> <span class='ocrx_word' id='word_1_250' title='bbox 848 2880 914 2934; x_wconf 91' lang='lat' dir='ltr'>item</span> <span class='ocrx_word' id='word_1_251' title='bbox 942 2878 1039 2931; x_wconf 90' lang='lat' dir='ltr'>studiis</span> <span class='ocrx_word' id='word_1_252' title='bbox 1065 2877 1216 2933; x_wconf 86' lang='lat' dir='ltr'>Homericis</span> <span class='ocrx_word' id='word_1_253' title='bbox 1246 2895 1356 2948; x_wconf 87' lang='lat' dir='ltr'>operam</span> 
     </span>
     <span class='ocr_line' id='line_1_31' title="bbox 145 2943 1359 3023; baseline -0.003 -21"><span class='ocrx_word' id='word_1_254' title='bbox 145 2949 268 3011; x_wconf 82' lang='lat' dir='ltr'>navavit,</span> <span class='ocrx_word' id='word_1_255' title='bbox 286 2947 458 3003; x_wconf 78' lang='lat' dir='ltr'>adsentiente</span> <span class='ocrx_word' id='word_1_256' title='bbox 478 2948 655 3003; x_wconf 76' lang='lat' dir='ltr'>Antisthene:</span> <span class='ocrx_word' id='word_1_257' title='bbox 677 2950 736 3002; x_wconf 85' lang='grc' dir='ltr'><strong><em>ἲσιε</em></strong></span> <span class='ocrx_word' id='word_1_258' title='bbox 755 2970 809 3023; x_wconf 77' lang='grc' dir='ltr'>γαρ</span> <span class='ocrx_word' id='word_1_259' title='bbox 828 2947 916 3019; x_wconf 74' lang='grc' dir='ltr'><strong><em>δήπου</em></strong></span> <span class='ocrx_word' id='word_1_260' title='bbox 936 2944 979 2999; x_wconf 82' lang='grc' dir='ltr'>ὅτι</span> <span class='ocrx_word' id='word_1_261' title='bbox 1001 2943 1148 3019; x_wconf 72' lang='grc' dir='ltr'><strong><em>ὖὍιιηρος</em></strong></span> <span class='ocrx_word' id='word_1_262' title='bbox 1168 2943 1182 2998; x_wconf 84' lang='lat' dir='ltr'>d</span> <span class='ocrx_word' id='word_1_263' title='bbox 1201 2950 1359 3006; x_wconf 80' lang='grc' dir='ltr'><strong><em>σοωοίιανος</em></strong></span> 
     </span>
     <span class='ocr_line' id='line_1_32' title="bbox 145 2994 1360 3091; baseline -0.002 -20"><span class='ocrx_word' id='word_1_264' title='bbox 145 3020 284 3087; x_wconf 82' lang='grc' dir='ltr'><strong><em>πεποίηκε</em></strong></span> <span class='ocrx_word' id='word_1_265' title='bbox 303 3014 402 3090; x_wconf 75' lang='grc' dir='ltr'><strong><em>σχεδὸν</em></strong></span> <span class='ocrx_word' id='word_1_266' title='bbox 421 3019 487 3089; x_wconf 75' lang='grc' dir='ltr'><strong><em>περὶ</em></strong></span> <span class='ocrx_word' id='word_1_267' title='bbox 510 3017 624 3071; x_wconf 72' lang='grc' dir='ltr'><strong><em>πάντων</em></strong></span> <span class='ocrx_word' id='word_1_268' title='bbox 642 3019 697 3071; x_wconf 70' lang='lat' dir='ltr'>noir</span> <span class='ocrx_word' id='word_1_269' title='bbox 715 3014 907 3091; x_wconf 74' lang='lat' dir='ltr'>drdpomt‘rwr.</span> <span class='ocrx_word' id='word_1_270' title='bbox 940 3013 1030 3076; x_wconf 83' lang='grc' dir='ltr'><strong><em>Ὅστις</em></strong></span> <span class='ocrx_word' id='word_1_271' title='bbox 1048 2994 1083 3069; x_wconf 74' lang='lat' dir='ltr'>dr</span> <span class='ocrx_word' id='word_1_272' title='bbox 1097 3015 1174 3086; x_wconf 74' lang='grc' dir='ltr'><strong><em>ιτμοῖν</em></strong></span> <span class='ocrx_word' id='word_1_273' title='bbox 1192 3016 1324 3086; x_wconf 72' lang='grc' dir='ltr'><strong><em>βούλομαι</em></strong></span> <span class='ocrx_word' id='word_1_274' title='bbox 1345 3012 1360 3086; x_wconf 80' lang='grc' dir='ltr'><em>ἢ</em></span> 
     </span>
     <span class='ocr_line' id='line_1_33' title="bbox 147 3082 1360 3160; baseline -0.002 -20"><span class='ocrx_word' id='word_1_275' title='bbox 147 3082 326 3159; x_wconf 85' lang='grc' dir='ltr'><strong><em>οἰκονομικὸς</em></strong></span> <span class='ocrx_word' id='word_1_276' title='bbox 345 3083 362 3157; x_wconf 81' lang='grc' dir='ltr'><em>ἢ</em></span> <span class='ocrx_word' id='word_1_277' title='bbox 382 3083 571 3158; x_wconf 78' lang='grc' dir='ltr'><strong><em>δημηγορικὸς</em></strong></span> <span class='ocrx_word' id='word_1_278' title='bbox 591 3086 607 3157; x_wconf 75' lang='grc' dir='ltr'><strong><em>ἦ</em></strong></span> <span class='ocrx_word' id='word_1_279' title='bbox 626 3083 811 3160; x_wconf 75' lang='grc' dir='ltr'><strong><em>στραιηγικὸς</em></strong></span> <span class='ocrx_word' id='word_1_280' title='bbox 829 3088 974 3156; x_wconf 73' lang='grc' dir='ltr'><strong><em>γενέσθαι,</em></strong></span> <span class='ocrx_word' id='word_1_281' title='bbox 996 3127 1089 3141; x_wconf 93' lang='grc'><strong><em>......</em></strong></span> <span class='ocrx_word' id='word_1_282' title='bbox 1107 3084 1158 3155; x_wconf 80' lang='grc' dir='ltr'>ἐμὲ</span> <span class='ocrx_word' id='word_1_283' title='bbox 1177 3085 1360 3155; x_wconf 74' lang='grc' dir='ltr'><strong><em>θεραπεοέιω</em></strong></span> 
     </span>
     <span class='ocr_line' id='line_1_34' title="bbox 145 3154 1360 3225; baseline -0.002 -16"><span class='ocrx_word' id='word_1_284' title='bbox 145 3176 169 3210; x_wconf 88' lang='grc' dir='ltr'>κ,</span> <span class='ocrx_word' id='word_1_285' title='bbox 180 3179 202 3210; x_wconf 78' lang='grc' dir='ltr'>ι.</span> <span class='ocrx_word' id='word_1_286' title='bbox 213 3158 236 3210; x_wconf 87' lang='grc' dir='ltr'>λ.</span> <span class='ocrx_word' id='word_1_287' title='bbox 271 3155 416 3225; x_wconf 86' lang='lat' dir='ltr'>Compares</span> <span class='ocrx_word' id='word_1_288' title='bbox 430 3162 572 3225; x_wconf 88' lang='lat' dir='ltr'>praeterea</span> <span class='ocrx_word' id='word_1_289' title='bbox 581 3158 707 3225; x_wconf 91' lang='lat' dir='ltr'>Xenoph.</span> <span class='ocrx_word' id='word_1_290' title='bbox 718 3157 816 3210; x_wconf 89' lang='lat' dir='ltr'>Oecon.</span> <span class='ocrx_word' id='word_1_291' title='bbox 828 3157 900 3220; x_wconf 88' lang='lat' dir='ltr'>XXI,</span> <span class='ocrx_word' id='word_1_292' title='bbox 912 3160 935 3218; x_wconf 79' lang='lat'>2,</span> <span class='ocrx_word' id='word_1_293' title='bbox 955 3155 1002 3207; x_wconf 92' lang='lat' dir='ltr'>ubi</span> <span class='ocrx_word' id='word_1_294' title='bbox 1016 3155 1171 3224; x_wconf 91' lang='lat' dir='ltr'>Xenophon</span> <span class='ocrx_word' id='word_1_295' title='bbox 1187 3154 1360 3208; x_wconf 84' lang='lat' dir='ltr'>Antisthenis</span> 
     </span>
     <span class='ocr_line' id='line_1_35' title="bbox 144 3219 1360 3297; baseline -0.001 -20"><span class='ocrx_word' id='word_1_296' title='bbox 144 3225 310 3280; x_wconf 89' lang='lat' dir='ltr'>sententiam</span> <span class='ocrx_word' id='word_1_297' title='bbox 328 3225 440 3279; x_wconf 88' lang='lat' dir='ltr'>reddere</span> <span class='ocrx_word' id='word_1_298' title='bbox 460 3225 568 3295; x_wconf 64' lang='lat' dir='ltr'>videtuJ</span> <span class='ocrx_word' id='word_1_299' title='bbox 606 3225 755 3294; x_wconf 81' lang='lat' dir='ltr'>repositam</span> <span class='ocrx_word' id='word_1_300' title='bbox 773 3226 802 3278; x_wconf 91' lang='lat' dir='ltr'>in</span> <span class='ocrx_word' id='word_1_301' title='bbox 822 3224 1014 3278; x_wconf 87' lang='lat' dir='ltr'>Oeconomico:</span> <span class='ocrx_word' id='word_1_302' title='bbox 1042 3219 1087 3294; x_wconf 77' lang='lat' dir='ltr'>Nl,</span> <span class='ocrx_word' id='word_1_303' title='bbox 1107 3226 1157 3287; x_wconf 77' lang='grc' dir='ltr'>Δί’,</span> <span class='ocrx_word' id='word_1_304' title='bbox 1177 3222 1212 3290; x_wconf 74' lang='lat' dir='ltr'>dp</span> <span class='ocrx_word' id='word_1_305' title='bbox 1249 3220 1360 3297; x_wconf 82' lang='grc' dir='ltr'><strong><em>ὁἸοχό·</em></strong></span> 
     </span>
     <span class='ocr_line' id='line_1_36' title="bbox 144 3243 1360 3366; baseline -0.002 -20"><span class='ocrx_word' id='word_1_306' title='bbox 144 3315 247 3366; x_wconf 82' lang='grc' dir='ltr'><strong><em>μαχος,</em></strong></span> <span class='ocrx_word' id='word_1_307' title='bbox 277 3290 342 3346; x_wconf 79' lang='grc' dir='ltr'><strong><em>ἀλλὰ</em></strong></span> <span class='ocrx_word' id='word_1_308' title='bbox 367 3292 431 3346; x_wconf 70' lang='grc' dir='ltr'>τόδε</span> <span class='ocrx_word' id='word_1_309' title='bbox 449 3314 510 3354; x_wconf 75' lang='grc' dir='ltr'><strong><em>τοι,</em></strong></span> <span class='ocrx_word' id='word_1_310' title='bbox 538 3293 558 3344; x_wconf 77' lang='grc' dir='ltr'><strong><em>οἶ</em></strong></span> <span class='ocrx_word' id='word_1_311' title='bbox 610 3293 746 3366; x_wconf 65' lang='lat' dir='ltr'>disperse,</span> <span class='ocrx_word' id='word_1_312' title='bbox 779 3290 809 3345; x_wconf 80' lang='grc' dir='ltr'>τὸ</span> <span class='ocrx_word' id='word_1_313' title='bbox 835 3291 938 3353; x_wconf 82' lang='grc' dir='ltr'><strong><em>πιίσαις</em></strong></span> <span class='ocrx_word' id='word_1_314' title='bbox 957 3289 1053 3345; x_wconf 83' lang='grc' dir='ltr'><strong><em>κοινὸν</em></strong></span> <span class='ocrx_word' id='word_1_315' title='bbox 1072 3300 1132 3352; x_wconf 76' lang='grc' dir='ltr'><strong><em>ταῖς</em></strong></span> <span class='ocrx_word' id='word_1_316' title='bbox 1156 3243 1286 3364; x_wconf 66' lang='lat' dir='ltr'>apsidem,</span> <span class='ocrx_word' id='word_1_317' title='bbox 1314 3293 1360 3345; x_wconf 88' lang='grc' dir='ltr'>καὶ</span> 
     </span>
     <span class='ocr_line' id='line_1_37' title="bbox 145 3356 1360 3437; baseline -0.002 -21"><span class='ocrx_word' id='word_1_318' title='bbox 145 3361 290 3436; x_wconf 74' lang='grc' dir='ltr'><strong><em>γεωργικῇ</em></strong></span> <span class='ocrx_word' id='word_1_319' title='bbox 309 3363 355 3413; x_wconf 85' lang='grc' dir='ltr'>καὶ</span> <span class='ocrx_word' id='word_1_320' title='bbox 372 3361 504 3437; x_wconf 75' lang='grc' dir='ltr'><strong><em>πολιτικῇ</em></strong></span> <span class='ocrx_word' id='word_1_321' title='bbox 523 3364 570 3415; x_wconf 85' lang='grc' dir='ltr'>καὶ</span> <span class='ocrx_word' id='word_1_322' title='bbox 589 3363 756 3437; x_wconf 55' lang='grc' dir='ltr'><strong><em>οἰκονομικῇ</em></strong></span> <span class='ocrx_word' id='word_1_323' title='bbox 775 3365 822 3416; x_wconf 82' lang='grc' dir='ltr'>καὶ</span> <span class='ocrx_word' id='word_1_324' title='bbox 840 3363 980 3436; x_wconf 74' lang='grc' dir='ltr'><strong><em>πολεμικῇ</em></strong></span> <span class='ocrx_word' id='word_1_325' title='bbox 997 3357 1028 3414; x_wconf 83' lang='grc' dir='ltr'>τὸ</span> <span class='ocrx_word' id='word_1_326' title='bbox 1046 3356 1161 3435; x_wconf 74' lang='grc' dir='ltr'><strong><em>ἀρχικὸν</em></strong></span> <span class='ocrx_word' id='word_1_327' title='bbox 1175 3357 1259 3426; x_wconf 78' lang='grc' dir='ltr'><strong><em>εἶναι,</em></strong></span> <span class='ocrx_word' id='word_1_328' title='bbox 1277 3361 1360 3415; x_wconf 82' lang='grc' dir='ltr'><strong><em>τοῦτο</em></strong></span> 
     </span>
     <span class='ocr_line' id='line_1_38' title="bbox 145 3428 1360 3502; baseline 0 -18"><span class='ocrx_word' id='word_1_329' title='bbox 145 3428 177 3502; x_wconf 73' lang='grc' dir='ltr'>δὴ</span> <span class='ocrx_word' id='word_1_330' title='bbox 199 3429 378 3501; x_wconf 73' lang='grc' dir='ltr'><strong><em>οονομολογοῖ</em></strong></span> <span class='ocrx_word' id='word_1_331' title='bbox 396 3448 438 3483; x_wconf 89' lang='grc' dir='ltr'><strong><em>σοι</em></strong></span> <span class='ocrx_word' id='word_1_332' title='bbox 457 3429 519 3500; x_wconf 77' lang='lat' dir='ltr'>eyn&#39;.</span> <span class='ocrx_word' id='word_1_333' title='bbox 563 3433 692 3488; x_wconf 79' lang='lat' dir='ltr'>Conferas</span> <span class='ocrx_word' id='word_1_334' title='bbox 711 3450 791 3502; x_wconf 90' lang='lat' dir='ltr'>porro</span> <span class='ocrx_word' id='word_1_335' title='bbox 812 3436 914 3486; x_wconf 76' lang='lat' dir='ltr'>Oomm.</span> <span class='ocrx_word' id='word_1_336' title='bbox 935 3433 1014 3500; x_wconf 85' lang='lat' dir='ltr'>lll,4.</span> <span class='ocrx_word' id='word_1_337' title='bbox 1052 3430 1230 3486; x_wconf 88' lang='lat' dir='ltr'>Antisthenes</span> <span class='ocrx_word' id='word_1_338' title='bbox 1249 3431 1298 3485; x_wconf 93' lang='lat' dir='ltr'>ille</span> <span class='ocrx_word' id='word_1_339' title='bbox 1322 3431 1360 3484; x_wconf 90' lang='lat' dir='ltr'>ibi</span> 
     </span>
     <span class='ocr_line' id='line_1_39' title="bbox 145 3500 1360 3570; baseline -0.001 -15"><span class='ocrx_word' id='word_1_340' title='bbox 145 3503 371 3555; x_wconf 84' lang='lat' dir='ltr'>commemoratus</span> <span class='ocrx_word' id='word_1_341' title='bbox 393 3500 498 3554; x_wconf 91' lang='lat' dir='ltr'>nisihoc</span> <span class='ocrx_word' id='word_1_342' title='bbox 521 3501 579 3556; x_wconf 89' lang='lat' dir='ltr'>loco</span> <span class='ocrx_word' id='word_1_343' title='bbox 608 3504 686 3557; x_wconf 89' lang='lat' dir='ltr'>nobis</span> <span class='ocrx_word' id='word_1_344' title='bbox 713 3521 768 3556; x_wconf 90' lang='lat' dir='ltr'>non</span> <span class='ocrx_word' id='word_1_345' title='bbox 799 3503 923 3556; x_wconf 85' lang='lat' dir='ltr'>occurrit.</span> <span class='ocrx_word' id='word_1_346' title='bbox 963 3503 1059 3556; x_wconf 89' lang='lat' dir='ltr'>Nonne</span> <span class='ocrx_word' id='word_1_347' title='bbox 1091 3500 1270 3570; x_wconf 88' lang='lat' dir='ltr'>philosophus</span> <span class='ocrx_word' id='word_1_348' title='bbox 1302 3501 1360 3570; x_wconf 88' lang='lat' dir='ltr'>ipse</span> 
     </span>
     <span class='ocr_line' id='line_1_40' title="bbox 144 3569 1362 3640; baseline -0.002 -16"><span class='ocrx_word' id='word_1_349' title='bbox 144 3569 293 3640; x_wconf 86' lang='lat' dir='ltr'>significari</span> <span class='ocrx_word' id='word_1_350' title='bbox 310 3569 434 3633; x_wconf 87' lang='lat' dir='ltr'>videtur,</span> <span class='ocrx_word' id='word_1_351' title='bbox 460 3571 585 3627; x_wconf 85' lang='lat' dir='ltr'>camille</span> <span class='ocrx_word' id='word_1_352' title='bbox 606 3573 781 3627; x_wconf 87' lang='lat' dir='ltr'>Antisthenes</span> <span class='ocrx_word' id='word_1_353' title='bbox 799 3575 828 3624; x_wconf 86' lang='lat' dir='ltr'>et</span> <span class='ocrx_word' id='word_1_354' title='bbox 847 3572 888 3623; x_wconf 91' lang='lat' dir='ltr'>vir</span> <span class='ocrx_word' id='word_1_355' title='bbox 907 3588 962 3623; x_wconf 92' lang='lat' dir='ltr'>rem</span> <span class='ocrx_word' id='word_1_356' title='bbox 982 3588 1058 3624; x_wconf 88' lang='lat' dir='ltr'>suam</span> <span class='ocrx_word' id='word_1_357' title='bbox 1077 3571 1147 3624; x_wconf 92' lang='lat' dir='ltr'>bene</span> <span class='ocrx_word' id='word_1_358' title='bbox 1165 3569 1362 3624; x_wconf 87' lang='lat' dir='ltr'>administrans</span> 
     </span>
     <span class='ocr_line' id='line_1_41' title="bbox 146 3638 559 3710; baseline -0.005 -16"><span class='ocrx_word' id='word_1_359' title='bbox 146 3644 174 3694; x_wconf 90' lang='lat' dir='ltr'>et</span> <span class='ocrx_word' id='word_1_360' title='bbox 193 3638 280 3692; x_wconf 89' lang='lat' dir='ltr'>bonus</span> <span class='ocrx_word' id='word_1_361' title='bbox 299 3638 354 3692; x_wconf 87' lang='lat' dir='ltr'>dux</span> <span class='ocrx_word' id='word_1_362' title='bbox 373 3639 559 3710; x_wconf 77' lang='lat' dir='ltr'>depingatur?</span> 
     </span>
    </p>
   </div>
   <div class='ocr_carea' id='block_1_9' title="bbox 146 3709 1362 4075">
    <p class='ocr_par' dir='ltr' id='par_1_10' title="bbox 146 3709 1362 4075">
     <span class='ocr_line' id='line_1_42' title="bbox 165 3709 1362 3809; baseline 0.002 -33"><span class='ocrx_word' id='word_1_363' title='bbox 165 3791 172 3809; x_wconf 29' lang='grc' dir='ltr'>ἲ</span> <span class='ocrx_word' id='word_1_364' title='bbox 214 3724 247 3777; x_wconf 90' lang='lat' dir='ltr'>In</span> <span class='ocrx_word' id='word_1_365' title='bbox 266 3723 396 3806; x_wconf 78' lang='lat' dir='ltr'>Diogenis</span> <span class='ocrx_word' id='word_1_366' title='bbox 420 3726 545 3793; x_wconf 84' lang='lat' dir='ltr'>catalogo</span> <span class='ocrx_word' id='word_1_367' title='bbox 571 3725 616 3805; x_wconf 79' lang='lat' dir='ltr'>hic</span> <span class='ocrx_word' id='word_1_368' title='bbox 637 3725 809 3779; x_wconf 88' lang='lat' dir='ltr'>Antisthenis</span> <span class='ocrx_word' id='word_1_369' title='bbox 827 3725 928 3795; x_wconf 82' lang='lat' dir='ltr'>dialogi</span> <span class='ocrx_word' id='word_1_370' title='bbox 953 3725 1051 3806; x_wconf 80' lang='lat' dir='ltr'>titulus</span> <span class='ocrx_word' id='word_1_371' title='bbox 1069 3729 1174 3804; x_wconf 47' lang='lat' dir='ltr'>entatu</span> <span class='ocrx_word' id='word_1_372' title='bbox 1192 3709 1268 3807; x_wconf 41' lang='grc' dir='ltr'><strong><em>περὶ,</em></strong></span> <span class='ocrx_word' id='word_1_373' title='bbox 1283 3727 1362 3805; x_wconf 77' lang='grc' dir='ltr'><strong><em>νίκης</em></strong></span> 
     </span>
     <span class='ocr_line' id='line_1_43' title="bbox 146 3793 1362 3932; baseline 0.002 -18"><span class='ocrx_word' id='word_1_374' title='bbox 146 3811 344 3930; x_wconf 69' lang='lat' dir='ltr'>titttttt</span> <span class='ocrx_word' id='word_1_375' title='bbox 362 3797 663 3929; x_wconf 56' lang='lat' dir='ltr'>{ntttssttdtlt</span> <span class='ocrx_word' id='word_1_376' title='bbox 686 3793 1362 3932; x_wconf 54' lang='lat' dir='ltr'>illisitmailitdimridaltaditttiit</span> 
     </span>
     <span class='ocr_line' id='line_1_44' title="bbox 146 3880 1361 4012; baseline 0.004 -29"><span class='ocrx_word' id='word_1_377' title='bbox 146 3930 222 4009; x_wconf 85' lang='lat' dir='ltr'>dium</span> <span class='ocrx_word' id='word_1_378' title='bbox 248 3880 443 4010; x_wconf 56' lang='lat' dir='ltr'>coufugdunt,³</span> <span class='ocrx_word' id='word_1_379' title='bbox 461 3936 544 4011; x_wconf 76' lang='lat' dir='ltr'>utet</span> <span class='ocrx_word' id='word_1_380' title='bbox 570 3933 604 4012; x_wconf 86' lang='lat' dir='ltr'>de</span> <span class='ocrx_word' id='word_1_381' title='bbox 632 3933 747 3988; x_wconf 90' lang='lat' dir='ltr'>victoria</span> <span class='ocrx_word' id='word_1_382' title='bbox 773 3933 914 4003; x_wconf 81' lang='lat' dir='ltr'>dialogum</span> <span class='ocrx_word' id='word_1_383' title='bbox 941 3884 1197 3987; x_wconf 61' lang='lat' dir='ltr'>etgdecontmicum</span> <span class='ocrx_word' id='word_1_384' title='bbox 1221 3934 1361 3996; x_wconf 88' lang='lat' dir='ltr'>statuant;</span> 
     </span>
     <span class='ocr_line' id='line_1_45' title="bbox 147 3999 1362 4075; baseline 0.002 -22"><span class='ocrx_word' id='word_1_385' title='bbox 147 4000 257 4054; x_wconf 88' lang='lat' dir='ltr'>ahudne</span> <span class='ocrx_word' id='word_1_386' title='bbox 274 4000 425 4054; x_wconf 80' lang='lat' dir='ltr'>remedium</span> <span class='ocrx_word' id='word_1_387' title='bbox 448 4003 543 4055; x_wconf 86' lang='lat' dir='ltr'>mehus</span> <span class='ocrx_word' id='word_1_388' title='bbox 564 4006 614 4066; x_wconf 82' lang='lat' dir='ltr'>sit,</span> <span class='ocrx_word' id='word_1_389' title='bbox 641 4019 702 4056; x_wconf 92' lang='lat' dir='ltr'>cum</span> <span class='ocrx_word' id='word_1_390' title='bbox 722 4003 872 4057; x_wconf 90' lang='lat' dir='ltr'>scribamus</span> <span class='ocrx_word' id='word_1_391' title='bbox 890 4005 955 4075; x_wconf 79' lang='grc' dir='ltr'><strong><em>περὶ</em></strong></span> <span class='ocrx_word' id='word_1_392' title='bbox 979 3999 1142 4074; x_wconf 74' lang='grc' dir='ltr'><strong><em>Νικηράτου</em></strong></span> <span class='ocrx_word' id='word_1_393' title='bbox 1164 3999 1362 4075; x_wconf 69' lang='grc' dir='ltr'><strong><em>οἰκονομικόςλ</em></strong></span> 
     </span>
    </p>
   </div>
   <div class='ocr_carea' id='block_1_10' title="bbox 148 4085 1363 4434">
    <p class='ocr_par' dir='ltr' id='par_1_11' title="bbox 148 4085 1363 4434">
     <span class='ocr_line' id='line_1_46' title="bbox 216 4085 1363 4156; baseline 0.003 -18"><span class='ocrx_word' id='word_1_394' title='bbox 216 4086 256 4140; x_wconf 93' lang='lat' dir='ltr'>De</span> <span class='ocrx_word' id='word_1_395' title='bbox 275 4085 403 4140; x_wconf 88' lang='lat' dir='ltr'>Nicerato</span> <span class='ocrx_word' id='word_1_396' title='bbox 421 4103 485 4141; x_wconf 85' lang='lat' dir='ltr'>vero</span> <span class='ocrx_word' id='word_1_397' title='bbox 504 4104 625 4142; x_wconf 89' lang='lat' dir='ltr'>necnon</span> <span class='ocrx_word' id='word_1_398' title='bbox 646 4088 679 4140; x_wconf 93' lang='lat' dir='ltr'>de</span> <span class='ocrx_word' id='word_1_399' title='bbox 698 4088 837 4143; x_wconf 89' lang='lat' dir='ltr'>simultate</span> <span class='ocrx_word' id='word_1_400' title='bbox 856 4106 926 4156; x_wconf 91' lang='lat' dir='ltr'>quae</span> <span class='ocrx_word' id='word_1_401' title='bbox 944 4088 1134 4142; x_wconf 86' lang='lat' dir='ltr'>intercesserat</span> <span class='ocrx_word' id='word_1_402' title='bbox 1154 4087 1227 4142; x_wconf 88' lang='lat' dir='ltr'>inter</span> <span class='ocrx_word' id='word_1_403' title='bbox 1253 4106 1316 4144; x_wconf 89' lang='lat' dir='ltr'>enm</span> <span class='ocrx_word' id='word_1_404' title='bbox 1335 4090 1363 4143; x_wconf 91' lang='lat' dir='ltr'>et</span> 
     </span>
     <span class='ocr_line' id='line_1_47' title="bbox 148 4155 1362 4227; baseline 0.004 -22"><span class='ocrx_word' id='word_1_405' title='bbox 148 4155 340 4208; x_wconf 90' lang='lat' dir='ltr'>Antisthenem</span> <span class='ocrx_word' id='word_1_406' title='bbox 361 4155 488 4226; x_wconf 88' lang='lat' dir='ltr'>inspicias</span> <span class='ocrx_word' id='word_1_407' title='bbox 508 4157 606 4210; x_wconf 91' lang='lat' dir='ltr'>librum</span> <span class='ocrx_word' id='word_1_408' title='bbox 625 4159 701 4210; x_wconf 92' lang='lat' dir='ltr'>illum</span> <span class='ocrx_word' id='word_1_409' title='bbox 740 4157 974 4220; x_wconf 88' lang='lat' dir='ltr'>raeclarissimum,</span> <span class='ocrx_word' id='word_1_410' title='bbox 999 4174 1081 4224; x_wconf 89' lang='lat' dir='ltr'>quem</span> <span class='ocrx_word' id='word_1_411' title='bbox 1099 4157 1257 4227; x_wconf 92' lang='lat' dir='ltr'>nuperrime</span> <span class='ocrx_word' id='word_1_412' title='bbox 1276 4157 1362 4212; x_wconf 89' lang='lat' dir='ltr'>edidit</span> 
     </span>
     <span class='ocr_line' id='line_1_48' title="bbox 148 4177 1359 4281; baseline 0.005 -7"><span class='ocrx_word' id='word_1_413' title='bbox 148 4223 195 4278; x_wconf 86' lang='lat' dir='ltr'>lvo</span> <span class='ocrx_word' id='word_1_414' title='bbox 214 4224 317 4277; x_wconf 90' lang='lat' dir='ltr'>Bruns:</span> <span class='ocrx_word' id='word_1_415' title='bbox 337 4224 385 4278; x_wconf 89' lang='lat' dir='ltr'>das</span> <span class='ocrx_word' id='word_1_416' title='bbox 404 4225 572 4280; x_wconf 86' lang='lat' dir='ltr'>literarische</span> <span class='ocrx_word' id='word_1_417' title='bbox 586 4228 696 4281; x_wconf 78' lang='lat' dir='ltr'>Portrtit</span> <span class='ocrx_word' id='word_1_418' title='bbox 713 4177 761 4279; x_wconf 77' lang='lat' dir='ltr'>der</span> <span class='ocrx_word' id='word_1_419' title='bbox 780 4228 913 4281; x_wconf 89' lang='lat' dir='ltr'>Griechen</span> <span class='ocrx_word' id='word_1_420' title='bbox 931 4227 969 4279; x_wconf 90' lang='lat' dir='ltr'>im</span> <span class='ocrx_word' id='word_1_421' title='bbox 988 4227 1012 4279; x_wconf 84' lang='lat'>5.</span> <span class='ocrx_word' id='word_1_422' title='bbox 1032 4226 1087 4278; x_wconf 91' lang='lat' dir='ltr'>und</span> <span class='ocrx_word' id='word_1_423' title='bbox 1105 4227 1130 4279; x_wconf 84' lang='grc'>4.</span> <span class='ocrx_word' id='word_1_424' title='bbox 1146 4226 1243 4280; x_wconf 83' lang='lat' dir='ltr'>lahrh.</span> <span class='ocrx_word' id='word_1_425' title='bbox 1259 4245 1285 4280; x_wconf 87' lang='lat' dir='ltr'>v.</span> <span class='ocrx_word' id='word_1_426' title='bbox 1299 4227 1359 4280; x_wconf 84' lang='lat' dir='ltr'>chr.</span> 
     </span>
     <span class='ocr_line' id='line_1_49' title="bbox 149 4291 1362 4374; baseline 0.001 -29"><span class='ocrx_word' id='word_1_427' title='bbox 149 4291 231 4361; x_wconf 84' lang='lat'>1896,</span> <span class='ocrx_word' id='word_1_428' title='bbox 256 4311 302 4374; x_wconf 81' lang='lat' dir='ltr'>pg.</span> <span class='ocrx_word' id='word_1_429' title='bbox 321 4294 373 4347; x_wconf 78' lang='lat'>354</span> <span class='ocrx_word' id='word_1_430' title='bbox 392 4312 450 4362; x_wconf 90' lang='lat' dir='ltr'>sqq.</span> <span class='ocrx_word' id='word_1_431' title='bbox 476 4295 526 4348; x_wconf 83' lang='lat'>392</span> <span class='ocrx_word' id='word_1_432' title='bbox 545 4313 602 4364; x_wconf 88' lang='lat' dir='ltr'>sqq.</span> <span class='ocrx_word' id='word_1_433' title='bbox 640 4295 747 4350; x_wconf 76' lang='lat' dir='ltr'>Similes</span> <span class='ocrx_word' id='word_1_434' title='bbox 771 4299 802 4349; x_wconf 87' lang='lat' dir='ltr'>A.</span> <span class='ocrx_word' id='word_1_435' title='bbox 830 4296 1002 4364; x_wconf 89' lang='lat' dir='ltr'>dialogorum</span> <span class='ocrx_word' id='word_1_436' title='bbox 1032 4295 1109 4349; x_wconf 89' lang='lat' dir='ltr'>tituli</span> <span class='ocrx_word' id='word_1_437' title='bbox 1135 4295 1165 4347; x_wconf 90' lang='lat' dir='ltr'>hi</span> <span class='ocrx_word' id='word_1_438' title='bbox 1191 4298 1271 4350; x_wconf 88' lang='lat' dir='ltr'>sunt:</span> <span class='ocrx_word' id='word_1_439' title='bbox 1297 4295 1362 4368; x_wconf 83' lang='grc' dir='ltr'><strong><em>περὶ</em></strong></span> 
     </span>
     <span class='ocr_line' id='line_1_50' title="bbox 148 4362 1225 4434; baseline 0.004 -20"><span class='ocrx_word' id='word_1_440' title='bbox 148 4379 291 4430; x_wconf 83' lang='grc' dir='ltr'><strong><em>οοφιστνν</em></strong></span> <span class='ocrx_word' id='word_1_441' title='bbox 309 4366 568 4434; x_wconf 80' lang='grc' dir='ltr'><strong><em>φυσιογνωμονικός</em></strong></span> <span class='ocrx_word' id='word_1_442' title='bbox 586 4364 611 4416; x_wconf 74' lang='lat' dir='ltr'>d</span> <span class='ocrx_word' id='word_1_443' title='bbox 630 4362 653 4417; x_wconf 86' lang='grc' dir='ltr'>ε’</span> <span class='ocrx_word' id='word_1_444' title='bbox 672 4364 717 4434; x_wconf 83' lang='lat' dir='ltr'>(cf.</span> <span class='ocrx_word' id='word_1_445' title='bbox 735 4364 825 4427; x_wconf 85' lang='lat' dir='ltr'>Laert.</span> <span class='ocrx_word' id='word_1_446' title='bbox 846 4364 924 4432; x_wconf 84' lang='lat' dir='ltr'>Diog.</span> <span class='ocrx_word' id='word_1_447' title='bbox 944 4365 988 4426; x_wconf 92' lang='lat' dir='ltr'>Vl,</span> <span class='ocrx_word' id='word_1_448' title='bbox 1008 4364 1040 4417; x_wconf 81' lang='lat'>16</span> <span class='ocrx_word' id='word_1_449' title='bbox 1059 4365 1099 4419; x_wconf 94' lang='lat' dir='ltr'>ed.</span> <span class='ocrx_word' id='word_1_450' title='bbox 1120 4363 1225 4433; x_wconf 84' lang='lat' dir='ltr'>Cobet).</span> 
     </span>
    </p>
   </div>
   <div class='ocr_carea' id='block_1_11' title="bbox 0 0 1502 4980">
    <p class='ocr_par' dir='ltr' id='par_1_12' title="bbox 0 0 1502 4980">
     <span class='ocr_line' id='line_1_51' title="bbox 0 0 1502 4980; baseline 0 0"><span class='ocrx_word' id='word_1_451' title='bbox 0 0 1502 4980; x_wconf 95' lang='lat' dir='ltr'> </span> 
     </span>
    </p>
   </div>
  </div>
 </body>
</html>
