2964 4980
692 718 868 802 Appendix
889 719 934 786 11.

205 850 259 912 De
280 847 542 915 Antisthenis
570 848 934 929 declamationum,
963 866 1068 930 qnae
1091 850 1189 914 Aiax
1216 854 1255 914 et
1278 849 1419 913 Ulixes

511 946 820 1027 inscribuntur,
841 947 1110 1015 auctoritate.

286 1077 471 1157 Temporum
493 1076 609 1140 invidia
632 1076 823 1140 omniafere
844 1077 1179 1161 Antisthenisscripta
1201 1077 1304 1139 decem
1328 1077 1419 1151 tomis

205 1177 224 1221 a
254 1159 469 1237 grammaticis
503 1160 626 1238 digesta
657 1158 708 1241 (cl.
743 1160 849 1223 baert.
885 1160 972 1239 Diog.
995 1160 1052 1240 VI,
1077 1161 1209 1229 15-181
1242 1159 1419 1238 perierunt;

206 1241 343 1305 traditae
358 1259 434 1304 vero
456 1241 546 1305 nobis
568 1246 642 1305 sunt
664 1243 806 1321 integrae
827 1242 910 1305 duae
928 1242 1032 1305 Aiacis
1055 1248 1088 1306 et
1112 1241 1210 1309 Ulixis
1229 1241 1353 1305 nomine
1374 1241 1421 1302 in-

122 1344 126 1350 ·
205 1324 342 1404 scriptae
375 1321 625 1387 declamationes.
678 1323 746 1387 Hae
778 1330 880 1386 utrum
915 1343 987 1387 vere
1010 1322 1206 1387 Antisthenis
1240 1324 1303 1386 sint
1333 1340 1372 1384 an
1403 1340 1422 1384 a

205 1406 332 1470 falsario
354 1404 560 1485 compilatae,
582 1406 777 1470 altercantur
798 1405 912 1469 iudices
932 1404 1126 1486 haerentque
1147 1405 1299 1484 ancipites
1324 1421 1421 1483 usque

206 1487 248 1552 ad
277 1486 359 1551 hrrnc
389 1487 481 1551 diem.
521 1487 672 1555 Damnat
701 1506 754 1552 eas
776 1488 904 1552 Fossius
935 1487 990 1570 (de
1009 1487 1129 1567 Gorgia
1150 1489 1260 1550 Leont.
1290 1504 1338 1565 pg.
1356 1488 1408 1564 94)

208 1570 335 1633 damnat
358 1569 513 1650 Sauppius
535 1571 565 1633 in
588 1577 671 1634 orat.
695 1575 782 1634 attic.
806 1571 845 1645 ll,
872 1574 946 1651 161,
970 1578 1095 1634 secutus
1119 1575 1167 1632 est
1188 1587 1240 1632 eos
1262 1567 1424 1648 Adolphus

208 1651 377 1716 Muellerus
409 1653 462 1730 (de
483 1652 623 1716 Antisth.
659 1651 722 1714 vita
757 1658 790 1716 et
817 1653 943 1732 scriptis
974 1670 1002 1715 a.
1032 1653 1061 1715 h.
1085 1671 1109 1715 s.
1133 1656 1173 1714 60
1194 1651 1242 1714 ed.
1277 1669 1328 1730 pg.
1353 1650 1423 1730 30);

208 1741 333 1798 secutus
356 1740 404 1797 est
424 1732 614 1797 Benselerus
631 1734 662 1796 in
685 1736 948 1798 commentatione
967 1735 1016 1815 ‘de
1037 1734 1137 1797 hiatu'
1160 1737 1222 1814 tpg.
1249 1738 1336 1806 11191ς
1360 1751 1425 1795 cer·

209 1822 317 1880 tavare
346 1833 406 1895 pro
433 1815 596 1880 authentia
618 1821 744 1894 praeter
766 1817 853 1897 aliua,
885 1823 924 1880 nt
945 1818 1070 1882 nomina
1092 1815 1237 1892 afferam,
1268 1814 1425 1877 Winchel-

208 1915 342 1962 mannus
365 1897 410 1978 (in
433 1898 570 1962 Antisth.
594 1898 684 1976 irgm.
704 1916 755 1978 pg.
768 1902 832 1979 40),
853 1898 1027 1980 Deyclrsins
1049 1899 1102 1980 (de
1120 1898 1254 1961 Antisth.
1275 1897 1425 1960 Socratici

211 1982 276 2044 vita
298 1986 330 2044 et
352 1979 697 2061 doctrinapg.13sq.l‚
720 1982 871 2061 imprimis
895 1981 1032 2046 Blassius
1050 1983 1082 2044 in
1103 1981 1183 2044 libro
1205 1980 1274 2061 ‘Die
1290 1978 1426 2042 attische

214 2061 464 2126 Beredsarnlreit’
486 2063 529 2126 112
551 2081 600 2143 pg.
627 2067 696 2126 338.

294 2160 358 2241 Qui
379 2161 503 2243 spurias
524 2162 689 2227 uoluerunt
713 2161 882 2242 orationes,
904 2161 952 2224 his
974 2160 1040 2225 fere
1066 2161 1260 2235 argumentis
1284 2167 1424 2224 utuntur.

210 2243 244 2307 ln
268 2242 464 2309 Antisthenis
485 2245 566 2310 enim
589 2243 784 2307 orationibus
806 2261 862 2310 seu
887 2243 1167 2310 declamationibus
1186 2243 1264 2307 Aiax
1279 2251 1310 2306 et
1322 2242 1430 2307 Ulixes

213 2324 297 2407 apud
321 2325 437 2392 iudices
469 2327 507 2394 dc
539 2327 636 2393 armis
659 2325 785 2391 Achillis
810 2326 970 2405 litigantes
1000 2325 1204 2401 inducuntur;
1243 2324 1430 2402 Quintiliani

211 2425 285 2470 vero
308 2406 366 2470 loc.
391 2409 429 2486 11,
449 2415 477 2490 4,
494 2416 527 2472 41
553 2409 584 2472 in
608 2427 734 2472 arenam
754 2416 885 2486 vocant,
908 2409 959 2488 qni
980 2408 1137 2472 orationes
1160 2407 1202 2471 ad
1226 2409 1428 2471 imitationem

212 2488 272 2553 fori
291 2487 382 2555 fictas
404 2491 424 2557 i.
445 2509 471 2555 e.
494 2509 665 2570 exgenere
689 2492 840 2570 repetitas
870 2491 1006 2555 iudiciali
1027 2490 1108 2574 circa
1132 2490 1278 2554 Demetrii
1306 2490 1428 2553 domum

214 2569 359 2634 Phalerei
382 2578 506 2653 tempus
536 2573 596 2636 dici
623 2580 748 2652 coeptas
771 2590 839 2636 csse
865 2580 973 2636 auctor
996 2578 1054 2636 est.
1098 2573 1141 2635 At
1164 2590 1266 2635 nonne
1289 2580 1377 2635 extat
1399 2574 1429 2634 in

213 2654 363 2729 Diogenis
378 2654 521 2733 catalogo
532 2655 682 2736 Ὀρέστου
697 2653 859 2735 ἀπολογία
873 2655 1050 2735 quaedam?
1081 2655 1184 2735 Atque
1200 2672 1254 2717 cur
1271 2653 1431 2733 sophistae

214 2735 271 2799 hoc
290 2735 357 2815 ipso
374 2735 494 2801 dicendi
510 2755 623 2815 genere
637 2735 849 2816 abstinebant,
872 2737 924 2819 qui
941 2736 1126 2819 praesertim
1150 2737 1190 2799 ad
1208 2735 1265 2801 fori
1290 2736 1431 2799 militiam

213 2818 341 2883 iuvenes
374 2818 508 2886 educare
540 2820 571 2883 in
602 2819 707 2883 animo
737 2817 887 2882 haberent
923 2828 956 2885 et
985 2819 1015 2883 in
1048 2818 1280 2898 tragoediarum
1318 2818 1433 2882 fabulis

214 2899 402 2965 uberrimam
425 2901 601 2965 invenirent
623 2902 810 2965 materiam?

234 3001 236 3005 ’
297 2998 390 3063 Aliud
412 3017 475 3080 quo
498 2999 594 3063 falsas
618 3017 687 3063 esse
710 2999 872 3063 orationes
894 2997 1005 3077 probet
1027 2998 1173 3063 indicium
1198 3004 1333 3062 venatur
1357 2999 1434 3062 Ren-

215 3079 332 3146 selerus
347 3081 386 3145 de
398 3081 489 3146 hiatu
501 3085 562 3163 tpg.
576 3083 655 3160 169).
687 3082 769 3146 Dicit
788 3079 858 3144 ille:
876 3081 929 3166 »ln
944 3079 1138 3146 Antisthenis
1155 3081 1275 3146 scilicet
1287 3082 1435 3144 orationi-

215 3163 275 3231 bus
297 3163 402 3229 hiatus
426 3183 487 3229 non
508 3164 633 3246 quidem
655 3181 784 3240 summa,
807 3162 861 3225 sed
880 3168 984 3225 tamen
1011 3162 1117 3241 aliqua
1138 3181 1213 3231 cura
1235 3170 1283 3226 est
1306 3164 1434 3229 vitatus.

215 3245 285 3308 Hoc
302 3252 387 3310 certe
407 3245 626 3309 affirmaverim
644 3264 679 3308 eo
699 3252 849 3324 tempore,
870 3261 930 3324 qno
951 3243 1152 3309 Antisthenes
1168 3246 1298 3322 vixerit,
1330 3245 1436 3309 hiatus

217 3329 342 3390 omnino
361 3345 380 3390 a
398 3327 602 3407 scriptoribus
618 3345 729 3406 prosae
744 3326 896 3390 orationis
910 3343 972 3388 non
991 3343 1060 3389 esse
1082 3327 1214 3391 evitatos
1232 3328 1289 3392 nisi
1313 3327 1354 3390 ab
1374 3330 1435 3392 lso-

216 3414 314 3489 crate,
333 3409 365 3471 in
384 3426 446 3488 quo
465 3409 497 3473 id
517 3410 618 3490 ipsum
634 3411 767 3475 maxime
779 3407 959 3472 laudatur«.
1011 3408 1080 3484 Qua
1091 3409 1143 3472 ille
1155 3428 1250 3474 causa
1262 3417 1436 3474 commotus

67 3461 93 3518 Ι·
218 3488 460 3555 declamationes
485 3490 667 3555 Antistheni
686 3491 855 3557 abiudicat.
899 3489 959 3553 Sed
986 3489 1095 3554 dubito
1122 3510 1194 3555 num
1218 3493 1436 3571 gravissimum

218 3573 260 3636 sit
282 3582 512 3652 argumentum.
556 3575 635 3639 Nam
660 3580 696 3636 ut
716 3573 967 3653 praetermittam
990 3590 1027 3635 ex
1040 3573 1078 3635 iis
1099 3592 1177 3654 qnae
1195 3574 1282 3638 nobis
1300 3575 1437 3639 traditae

217 3656 291 3718 ‘sunt
312 3655 450 3732 laciniis,
478 3654 542 3719 tale
565 3655 644 3739 quid
668 3656 707 3718 ad
732 3662 832 3718 totum
857 3653 1018 3732 scriptoris
1042 3671 1214 3719 sermonem
1237 3656 1437 3720 indicandum

217 3737 364 3815 colligere
394 3737 483 3800 uobis
514 3755 576 3801 non
605 3737 718 3816 licere,
755 3755 793 3800 ne
825 3738 858 3799 in
890 3734 1072 3814 fragmentis
1104 3737 1228 3818 quidem
1257 3756 1336 3819 quae
1366 3756 1438 3801 vere

218 3818 413 3882 Antisthenis
436 3818 583 3884 redolent
607 3819 773 3899 lucernam,
797 3819 921 3882 diversa
939 3818 1026 3882 'ratio
1049 3826 1181 3901 apparet
1202 3819 1253 3899 (cl.
1270 3820 1437 3899 Blossium,

218 3901 271 3983 qui
294 3900 437 3981 exempla
458 3901 607 3982 proponit
627 3919 679 3981 pg.
705 3905 773 3978 342,
796 3901 902 3965 adnot.
923 3904 965 3980 2).

303 3997 408 4078 Neque
428 4000 583 4063 conticere
604 4016 728 4079 possum
748 3999 947 4062 novissimam
971 3998 1009 4060 de
1038 3996 1086 4061 his
1115 3999 1310 4064 orationibus
1334 4000 1437 4080 dispu-

127 4118 129 4123 -
221 4080 371 4144 tationem
381 4081 666 4145 L.Radermacherl
677 4083 707 4145 in
722 4100 798 4146 mus.
817 4081 904 4145 rhen.
916 4088 990 4144 tom.
1000 4085 1039 4142 47
1053 4082 1209 4160 prolatam
1222 4085 1287 4163 (pg.
1297 4088 1356 4146 569
1370 4085 1439 4163 sq).

224 4161 279 4226 llle
301 4162 416 4226 Blassii
453 4164 636 4243 quibusdam
661 4165 846 4228 coniecturis
869 4165 899 4226 in
923 4164 1102 4226 memoriam
1133 4166 1303 4233 revocatis.
1329 4166 1438 4246 quiex

221 4245 376 4310 nonnullis
398 4244 475 4310 locis
496 4245 644 4327 perfacile
667 4247 791 4311 restitui
812 4263 903 4327 posse
924 4263 1033 4310 versus
1064 4249 1203 4311 senarios
1225 4246 1380 4314 iambicos
1401 4282 1442 4293 -
