2964 4980
653 1270 677 1333 Ι.

176 1399 224 1463 De
250 1398 479 1479 Xenophontis
508 1397 646 1479 seriptis
673 1395 914 1478 philosophicis
942 1395 1154 1478 quaestiones

535 1499 800 1582 chronologicae.

146 1672 255 1751 Longo
295 1679 344 1735 est
384 1673 518 1734 virorum
552 1671 713 1736 doctorum
746 1674 856 1749 series,
898 1672 950 1750 qni
990 1671 1026 1734 de
1059 1668 1275 1749 Xenophontis

63 1754 251 1831 scriptorum
269 1762 406 1833 tempore
423 1760 519 1832 atque
536 1753 644 1815 ordine
667 1771 761 1829 agere
777 1753 992 1830 instituerunt,
1015 1761 1049 1814 at
1070 1757 1145 1834 quot
1164 1751 1276 1830 capita,

63 1842 110 1896 tot
134 1853 253 1915 sensus,
275 1855 344 1897 nam
366 1836 475 1897 nrirnm
492 1841 646 1913 quantum
666 1835 748 1896 inter
764 1853 798 1898 se
816 1834 974 1897 differunt.
1018 1835 1105 1897 lnter
1118 1839 1277 1894 nostrates

68 1935 142 1978 vero
166 1916 242 1979 haec
265 1918 370 1979 extitit
393 1916 595 1995 consuetudo,
619 1925 652 1977 ut
669 1935 705 1978 ex
724 1915 946 1994 particularum
970 1914 1163 1996 quarundam
1184 1931 1276 1993 pree-

67 1999 296 2075 positionumve
320 2017 378 2060 usu
403 1997 552 2059 librorum
585 1996 660 2058 ordo
694 1995 890 2061 definiretur.
934 1999 969 2060 ln
1003 1998 1099 2059 aciem
1130 1994 1277 2075 produxit

68 2080 332 2158 Dittenhergerns
365 2081 394 2140 in
435 2078 598 2140 annalibus
632 2081 685 2158 qui
727 2085 879 2142 vocantur
908 2077 1060 2159 ‘Hermes’
1091 2083 1165 2141 tour.
1194 2077 1277 2154 XVI,

62 2179 111 2240 pg.
142 2166 197 2222 331
236 2162 420 2239 particulam
454 2156 535 2242 μήν,
575 2168 610 2222 ut
647 2179 684 2222 ex
720 2161 787 2223 eius
826 2161 1028 2240 usurpatione
1056 2157 1275 2239 Xenophontis

63 2243 180 2320 scripta
212 2243 387 2312 ordinarot;
429 2259 491 2319 qua
529 2243 800 2319 argumentatione
833 2240 1054 2323 Roqnettins1l
1093 2259 1160 2304 cum
1195 2238 1278 2318 cupi·

63 2324 160 2385 ditate
193 2324 328 2402 quadam
362 2330 489 2401 arrepta
531 2323 560 2382 in
595 2324 816 2385 dissertatione
851 2323 930 2385 alias
965 2321 1077 2399 insigni
1111 2319 1277 2383 nonnullas

63 2406 195 2484 paginas
226 2404 330 2484 explet
358 2403 488 2466 tabellis.
529 2404 608 2466 ltem
638 2404 809 2467 Scharmius
840 2404 872 2467 in
902 2403 1113 2483 disputatione
1143 2401 1277 2482 quaein

66 2487 172 2549 iisdem
196 2488 357 2549 invenitur
379 2486 558 2562 armalibus,
590 2493 665 2547 tom.
687 2486 771 2560 XXI,
787 2491 841 2548 431
863 2503 926 2565 sq.,
956 2484 1106 2564 imprimis
1129 2486 1198 2546 458.
1240 2500 1278 2544 ex

66 2587 124 2630 usu
147 2568 310 2630 verborum
330 2572 375 2646 τῷ
398 2561 470 2630 ὄντι
491 2577 584 2645 atqtre
602 2563 704 2640 ὅντως
721 2569 861 2629 ordinem
880 2567 1034 2646 quendam
1059 2566 1184 2640 statuit,
1208 2582 1276 2627 curn

65 2649 203 2712 Statilius
227 2650 257 2710 in
283 2648 429 2728 Requetti
452 2650 674 2712 dissertatione
696 2649 888 2712 recensenda
910 2646 1028 2729 (philol.
1045 2647 1170 2724 Arrzeig.
1193 2644 1277 2720 XVl,

67 2734 143 2792 1856
167 2749 215 2808 pg.
235 2733 286 2807 dt)
309 2731 402 2792 aliam
425 2730 585 2806 ingressus
607 2733 687 2792 viam
709 2731 841 2810 optativi
865 2729 963 2793 futuri
990 2747 1077 2792 usum
1098 2727 1274 2807 respiceret.

64 2813 151 2888 Quae
176 2810 409 2874 ohservationes
437 2829 557 2873 summa
579 2812 699 2874 laetitia
720 2819 866 2891 acceptae
891 2818 965 2875 sunt
986 2829 1005 2874 a
1026 2810 1151 2889 multis,
1175 2807 1276 2870 multi·

64 2913 124 2972 quc
160 2900 233 2955 sunt
265 2894 379 2955 imitati
412 2892 704 2971 Dittenhcrgerum,
734 2893 954 2972 Roqnettium‚
988 2891 1152 2955 Stahlinm.
1192 2888 1276 2968 Quid

67 2993 173 3036 onrrres
204 2975 260 3036 hoc
294 2974 360 3036 loco
395 2974 576 3036 premerem?
616 2974 689 3052 quid
723 2992 797 3036 vcro
830 2975 985 3036 consecuti
1016 2973 1079 3034 sint
1110 2971 1192 3034 docti
1223 2969 1277 3044 illi,

68 3056 183 3118 rnerito
216 3073 348 3134 quaeras
378 3074 415 3116 ex
436 3073 492 3117 ure.
545 3057 647 3135 Atqtre
679 3056 735 3117 tihi
757 3054 964 3135 respondebo:
995 3054 1132 3116 Paulum.
1173 3051 1277 3113 Paene

66 3155 175 3199 omncs
194 3138 274 3198 enim
290 3136 531 3216 aliquantulum,
550 3138 580 3198 in
603 3137 818 3200 nonnullorum
837 3154 911 3198 vero
930 3135 1116 3215 scriptoram
1137 3142 1277 3209 tempore

66 3217 285 3281 coristituendo
310 3221 403 3279 etiam
426 3217 593 3297 plurimum
616 3219 698 3281 inter
720 3237 753 3282 se
775 3218 906 3280 variant.
944 3218 1040 3280 Recte
1067 3215 1164 3293 igitur
1183 3213 1277 3276 Hert·

68 3300 223 3377 trrarius2),
246 3304 280 3361 ut
304 3306 351 3360 est
373 3299 419 3359 vir
437 3317 509 3361 acer
527 3299 577 3361 ille
593 3299 726 3378 quidem,
749 3309 960 3362 verumtamen
975 3297 1102 3372 iocosus,
1124 3296 1276 3359 rationem

66 3382 149 3443 illam
180 3399 246 3443 cum
277 3379 442 3455 illuderet,
473 3382 667 3458 computavit
696 3401 735 3444 ex
767 3382 827 3444 illis
858 3380 997 3442 tabellis:
1030 3378 1185 3459 particula
1212 3373 1278 3456 μήν

66 3469 208 3541 respecta
248 3460 483 3539 Xenophontem
530 3463 750 3541 conscripsisse
790 3463 925 3541 primum
959 3461 1032 3540 Cyri
1069 3457 1277 3538 expeditionis

65 3544 179 3605 librum
205 3543 245 3605 lV
273 3548 305 3604 et
336 3543 385 3616 Vl,
419 3543 528 3604 deinde
552 3544 579 3606 ll
608 3550 640 3605 et
667 3544 725 3621 lll,
759 3550 823 3605 tum
852 3544 872 3606 l.
897 3543 939 3618 V,
976 3547 1134 3621 postremo
1163 3540 1214 3602 l.l
1246 3546 1278 3600 et

66 3627 132 3699 Vll,
155 3624 293 3686 Socratis
313 3621 611 3686 Commentariorum
642 3627 829 3704 compositos
851 3642 919 3686 esse
937 3624 1067 3702 primum
1091 3620 1203 3683 librum
1225 3620 1277 3700 lV,

66 3715 130 3768 tum
155 3707 182 3768 ll
203 3711 234 3767 et
254 3705 309 3780 lll,
332 3711 490 3783 postremo
513 3705 532 3769 l.
557 3709 579 3768 l.

105 3901 217 4023 841&ss
233 3903 438 3967 dissertatione,
466 3901 509 3956 cui
527 3899 672 3970 inscripsit,
698 3901 732 3955 de
751 3898 944 3967 Xenophontis
961 3898 1020 3950 vita
1038 3899 1065 3950 et
1083 3893 1190 3964 scriptis
1209 3910 1233 3946 a.
1250 3893 1278 3945 h.

64 3988 85 4021 e.
192 3989 223 4024 1.

139 4041 161 4103 l)
183 4040 214 4091 In
232 4040 304 4092 anal.
324 4041 446 4110 Xenoph,
466 4061 514 4114 pg.
531 4043 574 4096 39.
1148 4099 1153 4110 Ι

136 4107 176 4160 De
195 4107 318 4160 Schannii
337 4115 437 4170 conatu
456 4115 598 4170 conferas,
618 4123 689 4176 quae
708 4107 782 4160 recte
799 4102 914 4156 adnotat
932 4101 1117 4155 Duemmlerus
1136 4100 1175 4167 (un
1194 4095 1276 4149 Aced.

65 4193 111 4242 pg.
131 4177 173 4228 48.
187 4176 227 4241 ll:
256 4176 319 4228 »Ich
338 4177 444 4241 fdrchte
464 4180 556 4247 nicht,
576 4178 636 4232 dass
653 4176 698 4234 die
718 4191 772 4227 von
790 4173 893 4226 Schanz
911 4169 1126 4238 vorgebrachten
1144 4164 1282 4218 Kriterien

65 4244 214 4313 hiefssegess
235 4245 346 4311 gestent}
364 4252 499 4314 gemacht
519 4247 629 4306 werden
644 4245 768 4302 kdnnen.
803 4241 847 4294 Sie
865 4239 958 4292 bieten
975 4238 1019 4290 fiir
1031 4235 1186 4305 Xenophon
1204 4232 1281 4285 tiber-

66 4313 155 4380 haupt
174 4311 224 4366 viel
243 4331 275 4365 nu
296 4313 382 4368 kleine
400 4318 524 4386 Znhlen,
546 4333 593 4368 uun
612 4335 644 4369 nu
662 4314 807 4372 Schliisseu
826 4327 858 4361 an
877 4306 1075 4374 herechtigeu.‹

1089 4395 1102 4445 1
