2964 4980
724 334 763 391 57

133 504 212 567 talia
232 505 356 584 quidem
379 505 583 567 inveniuntur
605 506 634 566 in
658 505 762 568 multis
785 504 988 582 scriptoribus
1009 543 1050 552 —
1072 507 1345 586 animadverterat,

133 588 293 649 orationes
316 586 384 648 illas
408 605 445 648 ex
468 586 651 649 Theodectis
674 587 788 665 tabula,
808 605 890 670 quae
914 589 1346 669 inscribebatur'‘Aiax’sde·

133 678 277 748 sumptas
305 686 324 730 a
354 669 477 730 rhetore
510 670 644 747 quodam
675 670 705 730 in
736 671 910 749 pedestrem
940 672 1112 736 orationem
1144 689 1211 736 esse
1242 678 1347 735 trans·

132 751 284 813 formatas
308 751 366 813 sibi
389 753 554 830 persuasit..
600 751 668 827 Qua
691 752 869 814 coniectura
899 753 976 815 satis
998 754 1111 817 audaci
1135 754 1260 821 omnino
1285 772 1345 827 non
1435 803 1438 808 .

134 852 210 912 opus
229 839 286 894 est.
331 833 417 895 Licet
433 834 513 895 enim
531 833 731 895 Antisthenes
750 834 908 896 materiem
925 834 1182 898 declamationum
1199 854 1215 897 e
1234 834 1346 899 fabulis

134 916 379 994 deprompserit,
420 915 490 977 licet
526 916 565 977 ad
604 915 671 994 ipsa
708 915 832 977 fabulae
868 916 964 979 rerba
1005 918 1167 981 suscitarit
1202 924 1345 995 mentem,

136 1033 170 1040 —
189 1016 259 1059 nam
274 998 377 1059 multis
389 997 502 1059 litteris
513 1015 638 1076 operam
651 999 786 1073 navavit,
809 1004 843 1060 ut
856 997 969 1060 docent
980 999 1029 1061 vel
1042 1000 1190 1071 librorum
1203 1000 1285 1070 tituli
1309 1037 1346 1045 -

134 1082 320 1158 inutraque
344 1088 446 1141 tamen
470 1079 663 1142 oratiuncula
684 1080 836 1158 quaedam
860 1098 915 1142 nec
936 1098 1037 1159 pauca
1059 1080 1221 1144 doctrinae
1245 1083 1347 1145 Antis·
1421 1140 1424 1144 ,

136 1161 277 1224 thenicae
301 1163 432 1240 vestigia
458 1161 724 1242 deprehendimus.

215 1259 321 1323 Genus
345 1269 445 1323 autem
463 1261 584 1324 dicendi
605 1260 689 1342 quod
704 1260 791 1322 nobis
814 1261 844 1322 iu
862 1259 1136 1323 ‹teclamationibns
1152 1262 1286 1324 occurrit
1306 1297 1348 1306 -

134 1343 250 1419 periodi
275 1342 429 1404 normnllis
451 1342 596 1405 brevibus
616 1360 632 1404 e
654 1343 799 1405 membris
821 1343 1060 1421 compositae-
1079 1344 1193 1422 optime
1213 1342 1348 1422 quadrat

135 1426 165 1485 in
189 1442 234 1502 ea,
257 1443 336 1503 quae
359 1426 396 1486 de
422 1425 615 1487 Antisthenis
639 1442 781 1487 sermone
805 1424 892 1485 uobis
916 1431 990 1486 sunt
1014 1425 1144 1488 tradita.
1190 1425 1347 1489 Habemus

135 1505 328 1568 Antisthenis
352 1506 621 1586 apophthegmata
645 1506 849 1569 Sternbachio
873 1505 1012 1582 (Wiener
1030 1507 1160 1569 Studien
1181 1507 1232 1585 lll,
1258 1510 1347 1585 1887)

135 1589 245 1667 publici
272 1590 350 1674 iuris
372 1590 502 1652 lactum:
526 1588 544 1650 o‘
566 1588 664 1660 αὐτὸς
685 1589 914 1667 (Ἀντισθένης)
947 1590 1009 1670 ἔφη
1032 1589 1092 1668 τήν
1120 1589 1241 1670 α’ρετὴν
1270 1594 1348 1671 βρα-

133 1667 269 1750 χύλογον
290 1674 384 1750 εἶναι,
406 1672 466 1753 τήν
496 1673 533 1732 δὲ
564 1677 680 1732 κακίαν
709 1666 1009 1752 ἀπεραντο<λόγον>.
1052 1672 1202 1734 Nimirum
1227 1680 1348 1735 uicum

137 1753 266 1816 Webero
297 1753 351 1829 (de
377 1754 475 1817 Dione
499 1754 607 1832 Chrys.
629 1761 688 1815 etc.
721 1772 771 1833 pg.
792 1755 863 1821 261)
897 1753 1052 1816 Plutarchi
1079 1755 1181 1816 verbis
1209 1760 1282 1817 utar
1312 1754 1349 1816 de

134 1836 274 1915 Lycurgo
298 1837 326 1896 in
351 1836 414 1897 vita
443 1837 509 1898 eius
538 1854 585 1914 cp.
608 1834 679 1898 XlX
702 1837 888 1914 propositis,
917 1843 1007 1897 erant
1030 1834 1351 1917 Cynicirfloapotd'rbc

133 1940 168 1978 τε
190 1919 244 1978 καὶ
264 1917 570 1998 ἀποφθεγματικοί,
592 1916 748 1980 Laconum
771 1918 968 1978 dicacitatem
992 1918 1211 1997 imitabantur,
1241 1937 1350 1999 asper·

134 2000 291 2062 dabantur
321 1998 532 2078 sophistarum
564 1998 798 2061 verbositatem.
844 1998 931 2074 Quod
960 2000 1096 2078 quadrat
1127 2001 1157 2062 in
1187 1999 1246 2064 has
1270 2001 1348 2064 duas
1403 2041 1406 2044 >

133 2083 327 2144 Antisthenis
351 2082 602 2144 (declamationes.

219 2180 337 2254 Quibus
369 2180 510 2242 omnibus
542 2179 645 2242 causis
675 2179 830 2241 aeiductus
860 2179 1003 2257 equidem
1034 2197 1102 2241 cnm
1125 2179 1248 2242 Blassio
1278 2197 1348 2258 pro-

133 2264 259 2343 pensior
288 2280 355 2324 sum
387 2263 424 2322 ad
455 2263 686 2336 etgrroscendum
717 2261 764 2323 his
794 2277 918 2339 qnoque
942 2260 1217 2323 declamationibus
1240 2260 1347 2323 stiluih

134 2363 319 2424 manumque
336 2345 539 2406 Antisthenis
567 2343 785 2422 'Suspicionem
804 2360 877 2404 vero
892 2343 1046 2404 excitasse
1064 2342 1187 2405 videtur
1201 2344 1348 2420 societas,

133 2429 162 2488 in
187 2445 251 2508 qua
286 2426 366 2487 dnae
399 2425 470 2488 illae
496 2426 706 2487 Antisthenis·
728 2424 974 2488 declamationes
1006 2432 1174 2487 versantur
1203 2460 1245 2469 -
1277 2442 1349 2486 nam

133 2509 222 2571 simul
247 2527 314 2571 cum
341 2507 552 2569 Antistheneis
576 2507 712 2569 traditae
733 2513 806 2569 sunt
822 2506 911 2569 nobis
925 2506 1060 2584 Gorgiae
1081 2513 1113 2568 et
1126 2505 1349 2570 Alcidamantis

131 2592 287 2653 orationes
311 2608 388 2668 qnae
412 2590 606 2652 dubitatione
629 2606 703 2651 sane
722 2607 782 2651 non
807 2595 937 2668 vacant3
968 2587 1021 2650 sed
1043 2587 1103 2649 hae
1125 2605 1247 2668 quoque
1267 2587 1353 2673 fama*

130 2674 257 2754 quidem
280 2672 537 2748 meliorassem,
560 2673 702 2734 conferas
724 2671 815 2733 modo
834 2669 976 2732 Vahlenii
999 2669 1250 2733 dissertationem
1271 2670 1348 2733 dilu-

131 2756 230 2817 cidam
260 2754 333 2833 (Dor
356 2755 472 2816 Rhetor
494 2753 679 2816 Alcidamas’
709 2753 738 2814 in
773 2759 832 2816 act.
856 2754 961 2814 societ.
985 2751 1082 2815 litter.
1107 2751 1241 2815 Vindob.
1263 2769 1291 2814 a.
1316 2752 1346 2815 b.

131 2856 154 2899 s.
179 2842 218 2899 63
238 2853 288 2916 pg.
312 2841 367 2899 491
395 2854 442 2916 sq.
462 2842 494 2897 et
516 2835 667 2898 Blossium
692 2852 741 2914 pg.
765 2839 824 2895 243
848 2841 881 2896 et
904 2838 962 2896 345
986 2850 1031 2913 sq.

215 2987 317 3062 Atque
334 3001 416 3045 nunc
436 3001 535 3045 nreum
557 2983 618 3046 erit
640 2983 671 3044 in
689 2979 821 3058 singulis
843 2978 1052 3059 paragraphis
1070 2979 1136 3042 veri
1154 2976 1351 3041 Antisthenis

131 3066 278 3145 detegere
301 3065 443 3144 vestigia.

592 3301 886 3314 ——ae—

572 3526 787 3631 eessemus
805 3513 904 3594 trax.

705 3679 722 3762 q
747 3679 777 3741 1.

210 3792 277 3858 aad
296 3801 430 3862 ’ταῦτα
452 3800 520 3862 διά
540 3800 686 3881 λόγων·
712 3801 760 3865 cd
783 3801 1013 3878 δὲπρᾶγμα
1032 3796 1219 3873 ἐγίγνένθ
1241 3792 1353 3869 ἔργῳ·

210 3880 313 3942 Factis
331 3892 394 3944 rem
410 3883 541 3961 probare
561 3883 674 3945 melius
692 3901 766 3949 esse
784 3901 879 3964 qnam
894 3879 996 3941 verbis
1008 3872 1353 3975 profertAntisthepes:

127 3962 362 4043 Ἀντισθένηςὸ
380 3968 512 4038 Κυνικὸς
534 3965 686 4038 α’ναστοὲς
709 3963 852 4045 ἐβάδισε
875 3965 1013 4039 νομίσας
1033 3957 1246 4037 ἶσχυθθῑέραν
1268 3975 1353 4014 mal

128 4042 238 4124 πάσης
265 4047 320 4126 τῆς
348 4045 402 4106 did
431 4046 533 4128 dripere
562 4045 750 4126 ἀντιλογίας
783 4049 844 4125 chr·
866 4046 922 4105 did
946 4045 1011 4104 τῶν
1041 4042 1139 4119 ἔργων
1168 4035 1352 4110 ἀπόδειξιν.

127 4124 176 4199 (ci.
201 4125 294 4188 schol.
319 4126 357 4187 ad
382 4130 511 4193 Aristot.
545 4148 574 4208 p.
598 4134 637 4190 22
660 4131 708 4190 Bt.
754 4127 937 4189 Winckelm.
972 4127 1045 4186 Ant.
1074 4121 1165 4197 frgm.
1190 4126 1291 4196 35,4;
1315 4117 1354 4179 cf.

127 4205 267 4283 Xenoph.
288 4206 458 4274 Commeat.
474 4212 524 4290 lV,
545 4219 574 4292 4,
598 4216 653 4273 10:
678 4209 709 4272 εἰ
731 4208 772 4291 dr)
795 4209 843 4291 μή
864 4209 959 4288 λόγῳ,
983 4208 1056 4287 ἔφη,
1077 4203 1149 4266 ἀλλ’
1172 4204 1250 4282 ἔργῳ
1272 4200 1355 4262 duv-

127 4284 336 4370 δεικνύομαι).

1115 4388 1155 4441 4¹}
