2964 4980
790 314 831 376 42

288 487 372 551 Zeno
405 495 534 557 secutus
563 492 612 552 est
647 488 789 560 Stoicus:
818 489 855 553 cl.
881 491 985 553 lraert.
1007 489 1096 567 lllog.
1119 488 1238 560 Vtut:
1262 483 1381 571 Ζήνων
1412 486 1429 550 ὁ

206 569 334 643 Arciade
356 571 392 633 do
412 575 485 645 ταῖς
506 576 655 652 Χρειάις,
690 573 743 654 qni
775 573 887 639 titulus
907 573 1013 637 cadem
1044 578 1129 634 certe
1150 571 1307 649 significat
1332 577 1428 648 atque

207 652 339 717 Zenonis
369 654 483 735 οἷπομν
505 652 696 733 μονεύματα
724 653 890 736 Κράτητος
921 654 982 732 tvl,
1000 652 1049 735 4),
1081 670 1137 716 nee
1166 671 1226 718 non
1258 650 1428 719 Cleanthes

208 734 327 817 (Laert.
351 734 441 812 Diog.
466 677 528 815 Vlll,
547 737 617 816 174)
649 735 725 815 περὶ
752 739 877 816 χρειῶν.
921 735 1084 800 chriarum
1115 734 1326 799 collectionem
1348 731 1429 797 talso

211 817 375 892 Aristoteli
400 818 584 882 attributam
607 817 677 882 Val.
701 817 783 882 Rose
804 819 835 882 in
857 818 952 882 Arist.
975 817 1180 897 Pseudepigr.
1199 822 1236 879 ol
1270 816 1414 881 Aristoni

210 899 365 980 vindieat,
396 917 487 979 quem
517 901 738 980 conscripsisse
768 900 908 964 undecim
937 899 1093 966 chriarum
1122 899 1220 963 libros
1249 917 1265 962 e
1299 898 1428 961 Laertio

211 982 349 1060 Diogene
381 981 457 1062 (vlt,
476 983 546 1060 163)
578 988 767 1064 compertum
799 981 959 1046 habemus.
1009 985 1137 1077 Χρειῶν·
1163 981 1259 1047 libros
1280 980 1320 1044 lV
1350 981 1428 1043 citat

214 1063 369 1142 Diogenes
395 1064 457 1143 Vll,
479 1069 517 1128 36
546 1065 605 1128 sub
634 1065 754 1128 nomine
778 1063 900 1128 Persaei
924 1063 1085 1144 Citiensis,
1116 1065 1294 1127 Demetrius
1316 1061 1427 1126 Phale-

140 1207 143 1215 .
213 1146 312 1209 tensis
331 1147 554 1227 peripateticus
574 1146 728 1210 chriarum
754 1146 952 1219 thensaurum
975 1147 1143 1225 congessit,
1166 1145 1300 1213 Machon
1320 1145 1430 1210 Corin·
1463 1183 1465 1186 .

217 1227 301 1291 thius
329 1227 550 1308 Aristophanis
578 1229 744 1310 Byzantini
774 1230 927 1308 magister
949 1233 1067 1308 7χρείας
1096 1229 1288 1308 composuit,
1316 1235 1428 1308 postea

213 1309 368 1374 alniacum
390 1329 504 1392 corpus
525 1312 661 1375 condidit
680 1311 821 1375 Hecaton
838 1311 960 1375 Stoicus
977 1311 1117 1375 Panaetii
1142 1310 1321 1390 discipulus,
1346 1310 1427 1373 unde

212 1392 335 1473 plurimi
355 1393 532 1457 hauserunt.

289 1489 365 1553 lude
389 1509 406 1553 a
429 1491 636 1572 Xenophonte
657 1491 754 1570 igitur
769 1489 965 1555 Antisthenis
982 1496 1137 1554 sectatore
1159 1488 1252 1566 longa
1269 1488 1426 1553 chriarum

210 1578 374 1642 auctorum
406 1574 503 1645 series
532 1580 591 1638 est.
641 1573 748 1654 Neque
770 1573 859 1636 modo
879 1574 908 1636 in
932 1572 1069 1636 Socratis
1090 1571 1348 1648 Commentariis,
1372 1572 1425 1634 sed

209 1655 303 1717 etiam
337 1656 366 1717 iu
391 1655 583 1735 Cyropaedia
606 1656 809 1719 Antisthenes
831 1654 1048 1735 Xenophontis
1073 1655 1105 1718 in
1128 1654 1223 1717 chriis
1244 1654 1427 1718 exercendis

210 1736 589 1818 apophthegmatihusque
624 1739 685 1800 dux
717 1737 813 1815 latet,
847 1737 988 1801 conferas
1021 1745 1085 1800 turn
1116 1735 1313 1812 historiolae,
1356 1741 1422 1798 turn

209 1822 428 1899 responsiones
450 1820 569 1883 facetos
595 1819 668 1900 Cyri
692 1821 777 1900 pueri
808 1821 837 1883 io
863 1821 1009 1900 Astyagis
1031 1818 1102 1881 aula
1125 1819 1148 1897 Ι,
1167 1824 1231 1897 3,2
1262 1816 1427 1900 ἐρωτήσῃς

208 1900 246 1962 ot
274 1899 376 1962 ανίὁν
398 1904 454 1986 τῆς
475 1900 595 1985 μητρός
624 1906 652 1967 3.
676 1903 819 1966 δειπνῶν
848 1901 922 1964 ded
949 1900 1119 1983 Ἀστυάγης
1141 1901 1203 1965 οὐν
1226 1904 1265 1984 τῇ
1284 1900 1427 1981 θυγατρὶ

207 1982 261 2044 καὶ
284 1986 329 2062 τῷ
353 1984 446 2065 Κύρῳ
468 1991 500 2047 ei
520 1992 579 2048 cet.

292 2065 476 2148 Priusquam
495 2072 691 2130 transeamus
707 2067 746 2128 ad
770 2067 868 2146 ipsam
885 2064 1121 2145 philosophiam,
1143 2063 1311 2126 videndum
1336 2063 1424 2126 nobis

207 2158 267 2217 est,
298 2148 351 2231 qtri
378 2148 472 2211 tuerit
494 2166 591 2211 nexus
614 2149 695 2211 inter
716 2148 931 2229 Xenophontis
961 2154 993 2210 et
1016 2146 1209 2214 Antisthenis
1239 2146 1283 2207 oe
1308 2145 1425 2208 rebus

207 2229 400 2295 civilibus
430 2232 613 2294 sententias
666 2230 735 2292 lltsi
766 2230 823 2292 hac
854 2231 883 2291 in
917 2249 949 2292 re
971 2229 1141 2309 Xenophon
1171 2229 1217 2290 sui
1249 2228 1347 2307 ipsius
1377 2235 1426 2290 est

210 2312 286 2374 iuris
314 2311 514 2392 arbitriique,
543 2321 647 2376 tamen
678 2331 784 2375 eorum
809 2312 848 2374 de
877 2311 1033 2391 republica
1064 2310 1227 2374 consensio
1260 2311 1364 2373 nescio
1385 2328 1424 2372 an

210 2393 341 2456 ntcrltnm
366 2395 501 2458 valuerit
525 2395 563 2458 acl
587 2396 756 2459 amicitiam
781 2395 863 2458 inter
887 2402 1054 2474 utrumque
1075 2392 1311 2456 conciliandam.

292 2491 435 2572 Uterque
448 2494 528 2556 enim
545 2495 791 2559 aestimationem
809 2502 840 2557 et
856 2494 1094 2556 admirationem
1106 2492 1425 2559 Lacedaemoniorum

213 2573 400 2654 reipublicae
423 2594 484 2637 rron
506 2576 598 2651 celat,
617 2577 689 2655 quin
713 2577 806 2637 etiam
822 2576 1031 2638 concedebant
1046 2574 1300 2637 Lacedaemoniis
1324 2572 1425 2636 locum

214 2657 346 2734 primum
372 2659 559 2739 comparatis
581 2659 717 2737 reliquie,
750 2658 900 2736 imprimis
923 2656 1171 2721 Athenientibus.
1223 2655 1427 2718 Antisthenes

217 2737 469 2800 Lacedaemoniis
509 2740 629 2802 laudem
662 2739 808 2802 attribuit
841 2741 870 2802 in
905 2738 1124 2820 apophthegm.
1158 2740 1248 2816 frgm.
1282 2745 1332 2802 bl.
1374 2736 1427 2813 (cf.

214 2817 467 2889 Winekelmaun.
503 2825 574 2885 Arri.
603 2822 691 2901 frgnt.
717 2840 767 2903 pg.
792 2824 844 2899 oct
876 2822 1084 2903 Ἀντισθένην
1104 2818 1244 2884 Ἀττικόν
1275 2844 1310 2902 γε
1345 2815 1429 2885 ὄντα

212 2901 482 2983 παραγινόμενον
502 2903 687 2989 Ἀθήνηθεν
709 2903 752 2978 εἰς
774 2904 1011 2986 Λακεδαίμονα
1034 2906 1068 2966 ἐκ
1090 2907 1146 2976 οἷς
1167 2902 1429 2985 γυναικωνίτιδος

212 2983 313 3063 λέγειν
335 2983 379 3057 εἰς
400 2986 460 3068 τήν
481 2986 675 3066 ἀνδρωνῖτιν
698 2987 834 3051 ἐπιέναι.
865 2988 899 3050 cf.
922 3006 968 3067 pr.
992 2987 1095 3050 Lacrt.
1118 2962 1209 3066 litor.
1235 2987 1279 3068 Vl,
1303 2994 1354 3053 59.

290 3082 461 3164 Xenophon
485 3105 558 3149 vero
584 3092 688 3153 notum
723 3093 772 3149 est
793 3087 902 3168 quanti
925 3086 1138 3150 aestimaverit
1160 3086 1426 3153 Lacedaemonio-

212 3185 277 3230 rum
300 3167 535 3246 rempublicam,
559 3176 656 3233 testes
675 3178 748 3232 scint
770 3168 846 3231 loci:
868 3167 960 3230 Mem.
980 3167 1026 3243 ΙΙΙ,
1050 3173 1109 3239 st
1129 3167 1257 3233 Memor.
1282 3169 1331 3248 lv,
1345 3177 1374 3246 4,
1391 3177 1426 3234 lh

205 3247 300 3310 Com.
323 3247 398 3327 Vlll,
416 3254 471 3319 393
494 3250 631 3313 conferas
654 3249 739 3313 locos
763 3248 874 3330 Cyrop.
896 3257 927 3311 et
949 3249 1059 3311 Laced.
1081 3251 1125 3313 rei
1147 3250 1234 3331 publ.
1257 3250 1424 3327 admodum

206 3328 340 3403 similia,
362 3348 440 3410 quos
462 3350 555 3411 snpra
581 3330 705 3395 exlribui
727 3341 790 3412 (pp.
816 3334 876 3408 22).

291 3410 384 3472 lntrno
407 3430 478 3474 vero
510 3432 571 3477 nou
607 3422 727 3477 tantum
751 3415 1066 3478 Lacedaeumniorum
1090 3414 1339 3482 aestimationem
1363 3420 1425 3485 An-

209 3492 359 3555 tisthenes
396 3504 428 3558 'et
459 3495 630 3577 Xenophon
674 3514 866 3561 corrlmuuenr
896 3496 1030 3572 habent,
1074 3498 1126 3559 secl
1166 3497 1258 3560 etiam
1296 3503 1424 3584 utrique.

208 3575 347 3638 Thebani
363 3576 452 3639 invisi
465 3585 556 3652 snnt;
572 3579 651 3658 quod
668 3579 705 3641 de
716 3579 922 3658 Xenophonte
939 3580 1132 3642 nudissimum
1145 3585 1202 3641 est.
1227 3583 1424 3649 Antisthenis

206 3659 394 3722 sententiam
417 3660 565 3740 explanat
591 3663 676 3724 locus
700 3661 856 3723 Plutarchi
881 3663 909 3723 io
935 3662 989 3722 vit.
1022 3662 1154 3741 Lycurgi
1178 3680 1223 3742 cp.
1250 3668 1307 3728 30:
1328 3667 1422 3729 Ἀντι-

208 3743 331 3818 rosim
353 3742 390 3802 δὲ
412 3741 430 3802 o‘
453 3744 654 3822 Σωκρατικός
677 3743 747 3805 uinci
771 3747 827 3821 τῆς
855 3745 890 3806 ἐν
911 3740 1089 3824 Λεύκτροις
1110 3743 1215 3826 μάχης
1238 3745 1323 3826 ὁρῶν
1346 3748 1422 3823 τούς

205 3825 371 3904 Θηβαίους
388 3832 470 3904 μέγα
490 3828 699 3908 φρονοῦντας,
722 3823 819 3888 οὐδὲν
836 3826 954 3899 αὐτούς
970 3829 1033 3908 ἔφη
1051 3827 1218 3908 διαφέρειν
1234 3830 1421 3912 παιδαρίων

206 3905 263 3966 ἐπὶ
286 3908 332 3985 τῷ
353 3904 519 3994 συγκόψαι
539 3908 599 3970 τόν
620 3908 828 3988 παιδαγωγόν
849 3909 1063 3990 pauperrimum.

289 3989 349 4050 lies
366 3990 600 4053 Atheniensium
624 3991 707 4054 haud
728 3993 771 4053 ita
793 3995 897 4072 magni
923 3994 993 4055 lecit
1012 4001 1161 4072 uterque:
1182 3991 1313 4056 Athenis
1336 3994 1415 4057 euim

203 4068 386 4146 significatis
416 4075 617 4152 pesunulatas
647 4091 714 4135 esse
747 4074 888 4145 civitates
912 4076 993 4139 dixit
1020 4072 1239 4151 Antisthenes,
1269 4075 1296 4143 si
1319 4074 1417 4139 botros

203 4158 235 4213 et
257 4170 371 4230 pravos
395 4153 571 4216 discernere
597 4174 656 4217 oon
680 4163 807 4232 possent
830 4158 951 4231 (Laert.
974 4157 1063 4235 Diog.
1088 4155 1136 4228 Vl,
1156 4158 1197 4230 cil,
1218 4156 1279 4220 illis
1303 4158 1416 4239 suasit,

202 4240 237 4315 qt
258 4234 436 4314 plebisscito
460 4253 497 4298 ex
520 4237 618 4307 asinis
642 4254 741 4320 equos
765 4239 902 4302 lacerent
923 4240 1040 4322 (Laert.
1065 4237 1216 4317 Diog.Vl,
1237 4241 1279 4314 8).
1311 4239 1415 4305 Xeno·

201 4306 287 4403 phou
311 4334 437 4398 quoqne
456 4316 596 4397 suffragii
618 4335 735 4381 morem
754 4321 835 4398 apud
854 4322 1061 4387 Athenienses
1083 4319 1235 4385 usitatum
1252 4316 1415 4404 odio‘per-
