2964 4980
270 629 362 693 oe'lZ'
384 627 526 695 ὅντινα
556 631 699 694 ἐθέλει
731 654 789 705 τις
816 629 986 711 τρόπον,
1014 632 1081 694 καὶ
1119 632 1220 711 πρὸς
1251 631 1319 694 ἕνα
1349 632 1416 693 καὶ

201 714 303 795 πρὸς
331 714 507 786 πολλοὺς
540 713 702 793 ἕτοιμός
734 712 809 794 εἰμ’
842 714 921 793 αἐί;
952 713 989 777 cf.
1014 713 1108 777 schol.
1137 714 1167 776 in
1188 714 1278 775 Hom.
1306 714 1416 793 Odyss¹

201 796 248 858 ed.
272 795 441 859 Buttmann
462 814 512 876 pg.
534 800 551 858 9
574 796 613 857 ad
636 794 677 863 ol:
707 796 762 858 δια
791 794 890 861 τοῦτό
920 814 1000 877 φησι
1029 797 1087 858 τὸν
1107 796 1269 859 Ὀδυσσέα
1281 794 1420 877 Ὅμηρος

202 878 308 958 σοφόν
330 871 411 939 ὄντα
433 877 641 957 πολύτροπον
670 869 771 955 εἶναι,
802 875 853 940 ὅτι
875 878 922 960 δή
953 883 1020 951 τοῖς
1041 877 1233 957 ἀνθρώποις
1253 877 1419 962 ἠπίστατο

202 959 334 1033 πολλοῖς
363 957 497 1038 τρόποις
521 964 667 1023 συνεῖναι
674 985 686 1038 ,·
717 967 801 1023 certo
831 959 1025 1038 significatur
1048 960 1154 1024 Ulixes
1177 960 1419 1041 Antisthenens;

205 1040 243 1112 ef.
273 1060 368 1206 pgfrrg
388 1041 582 1107 XumMemt
601 1041 744 1123 lV,·t‚3:
777 1041 819 1105 οὐ
843 1043 1036 1106 τόνωαιίτόν
1056 1043 1181 1122 τρόπον
1210 1043 1267 1104 ἐπὶ
1290 1040 1420 1116 πάντας

204 1120 262 1207 ᾔει,
320 1159 333 1189 ι
392 1130 440 1190 ldr

769 1255 788 1336 ς
811 1260 854 1318 ιο.

289 1359 393 1423 ἄλλοί
414 1361 535 1444 ἡνίκα
556 1357 605 1423 ἄν
626 1361 768 1445 (lampa
790 1359 849 1425 ου’.
893 1361 993 1441 peppo
1010 1368 1058 1424 est
1080 1361 1180 1424 forma
1202 1363 1339 1443 volgaris
1362 1342 1423 1443 pro

208 1442 316 1523 ῥέγκω,
338 1443 533 1522 agnoscimus
554 1444 713 1506 horridum
736 1444 964 1506 Antisthenem.

775 1575 862 1656 pra.

291 1681 480 1761 Repugnant
502 1683 585 1745 inter
608 1699 641 1743 se
658 1681 808 1761 αὐδρεϊος
823 1680 930 1744 Ulixes
946 1688 976 1743 et
995 1677 1125 1760 ἰσχυρός
1139 1680 1226 1743 Aiax.
1270 1682 1422 1744 Similiter

209 1763 293 1842 apud
313 1763 549 1843 Xenophontem
573 1764 654 1826 duae
677 1765 821 1826 notiones
843 1764 925 1825 inter
949 1780 982 1825 se
999 1770 1214 1841 opponuntur:
1237 1761 1368 1842 ἰσχυρός
1391 1773 1422 1825 et

209 1843 360 1931 dr’dppiog
389 1845 547 1919 intconv.
577 1846 627 1923 IV,
649 1851 702 1908 13:
744 1847 802 1906 τόν
833 1849 894 1924 μὲν
926 1843 1062 1923 ι’σχυρόν
1091 1893 1181 1908 .....
1211 1845 1268 1907 τὸν
1298 1845 1335 1906 δὲ
1368 1847 1423 1906 οἷν·

210 1926 326 2004 opelos.
372 1929 507 1991 imitatio
542 1928 696 2008 quaedam
728 1927 819 1990 huius
853 1925 1049 1989 Antisthenis
1080 1928 1137 1990 loci
1170 1927 1258 1989 nobis
1289 1931 1422 1990 occurrit

211 2008 292 2087 apud
306 2009 407 2072 llion.
430 2010 539 2089 Chrys,
564 2011 659 2072 inor.
682 2011 720 2072 18
742 2028 792 2089 pg.
816 2015 873 2073 302
888 2009 923 2072 R.

294 2090 408 2154 Chiron
425 2093 524 2154 iratus
539 2091 665 2155 Achillis
683 2091 897 2155 fortitudinem
920 2091 1088 2153 aestimans
1101 2089 1200 2153 Ulixis
1215 2089 1422 2153 Antisthenici

213 2190 269 2234 nos
293 2172 451 2237 admonet
495 2173 528 2235 ld
552 2174 612 2235 iarn
636 2179 720 2235 recte
743 2175 820 2236 vidit
841 2174 875 2237 F.
893 2172 1071 2235 Duemmler
1092 2189 1170 2252 ‘curn
1193 2171 1343 2234 Heracles
1366 2173 1423 2235 des

213 2253 424 2318 Antisthenes’
446 2255 476 2317 in
497 2255 607 2320 Philol.
632 2264 704 2319 tom.
726 2256 753 2319 L
774 2273 825 2334 pg.
845 2260 933 2332 2943·
952 2255 1045 2317 liccat
1074 2252 1149 2317 mihi
1180 2253 1237 2316 hos
1260 2253 1345 2318 locos
1368 2257 1423 2317 ad-

212 2354 342 2416 ponere:
503 2361 505 2365 ’

239 2440 318 2495 Dion.
338 2443 475 2511 Ohrysoat.
496 2459 534 2496 or.
551 2444 586 2497 48
604 2462 651 2512 pg.
669 2444 720 2497 303
731 2444 762 2496 R.
1028 2443 1091 2494 Ano.
1112 2440 1182 2494 Ulix.
1205 2441 1243 2494 13.

248 2521 294 2577 διὰ
311 2526 411 2597 μέντοι
428 2523 458 2580 τὸ
476 2528 581 2602 θροίσος
599 2531 646 2581 καὶ
665 2525 695 2581 τὸ
715 2532 795 2600 τάχος
879 2524 951 2577 δίόϊί
977 2522 1032 2599 ydp
1057 2521 1203 2598 ἰσχυρὸς
1224 2527 1277 2578 οἲθί
1302 2528 1349 2578 καὶ
1369 2522 1422 2578 (ἶν-

214 2596 261 2646 καί
296 2591 360 2665 τὴν
394 2593 495 2667 ἰσχὺν
529 2595 730 2656 notanti-'outae
764 2616 794 2650 oe
844 2591 1092 2667 ιλρεϊοςείναι.

214 2661 332 2732 φήσουσι
352 2663 536 2737 φέρτατον
563 2662 700 2737 ἄνδρων
718 2706 795 2720 .....
881 2664 929 2714 καὶ
950 2659 1000 2714 οὐκ
1018 2659 1101 2714 οἶσθα
1129 2657 1185 2715 ὅτι
1210 2666 1317 2730 σοφία
1342 2666 1427 2735 περί

215 2727 282 2783 ἀλλὰ
311 2730 375 2792 τοὺς
401 2732 455 2804 μὲν
484 2730 574 2805 cadrei
599 2730 713 2805 ὁμοίους
733 2730 797 2794 τοὺς
845 2730 1007 2814 πόλεμον
1033 2733 1093 2784 καί
1120 2727 1270 2803 ἀνδρεία
1296 2728 1329 2784 οὗ
1354 2736 1427 2785 ταύ-

216 2797 361 2872 ιίνθρείους
394 2803 441 2854 καί
468 2799 604 2872 α’νοήτους
632 2801 798 2863 ἀποκτενεῖς
847 2799 908 2853 τόν
927 2820 1032 2854 εστιν
1051 2799 1205 2872 ἰσχῦσαι.

218 2869 324 2943 ῥᾳδίως·
344 2865 397 2924 ὕπὸ
416 2869 446 2924 δὲ
465 2867 597 2946 ἅνδρὸς
616 2875 797 2945 φρονίμου

216 2941 276 2992 καί
311 2940 517 3012 πολεμικοῦ
559 2936 692 3017 ἄποθανῇ
735 2937 799 2996 οὐδὲ

216 3003 281 3060 idola
300 3005 390 3063 αυτόν.

301 3208 539 3273 Animadvertas
559 3210 667 3274 deesse
684 3210 843 3290 epitheton
869 3210 1075 3291 πολύτροπος
1092 3210 1330 3288 (verschlagenl,
1347 3209 1428 3289 quod

218 3289 396 3352 Antistheni
415 3289 609 3370 displicuisse
624 3294 800 3355 testimonio
823 3299 870 3355 est
892 3293 987 3357 schol.
1014 3293 1044 3355 in
1064 3293 1152 3356 Hom.
1172 3292 1283 3373 Odyss.
1303 3293 1343 3354 ad
1362 3317 1393 3369 a,
1416 3298 1425 3352 1

219 3371 400 3442 (Buttmann
424 3390 475 3452 pg.
499 3378 548 3451 al:
576 3371 797 3456 πολύτροπον]
831 3374 888 3438 oria
914 3377 1061 3439 ἐπαινεῖν
1095 3394 1194 3457 φησιν
1228 3374 1432 3454 Ἀντισθένης

209 3448 350 3534 Ὅμηρον
372 3454 431 3516 τόν
446 3452 603 3520 Ὀδυσσέα
623 3456 748 3537 μᾶλλον
769 3454 791 3540 ἢ
813 3467 925 3541 ψέγειν
943 3458 1077 3539 λέγοντα
1095 3455 1432 3535 αὐτὸνπολιίτροπον,

301 3553 373 3636 τήν
395 3553 519 3634 φύσιν
536 3554 769 3632 α’πεικιίζων
791 3561 879 3629 τοῖς
899 3581 944 3618 τε
966 3563 1152 3620 νωθέσιν
1174 3552 1294 3628 ὄνοις.
1340 3555 1434 3634 Cyni=

221 3652 327 3699 corum
351 3638 616 3716 comparationum
638 3638 857 3715 admonemur,
885 3639 1027 3703 abutitur
1048 3644 1127 3703 enirn
1149 3640 1199 3702 hic
1223 3638 1434 3701 [diaes-com„

220 3718 382 3796 paratione
405 3718 610 3784 Homericain
624 3719 719 3795 ll.Xl‚
733 3725 792 3783 558
815 3719 864 3783 ubi
884 3723 986 3785 Aiacis
1010 3723 1041 3785 in
1065 3722 1233 3802 pugnando
1256 3720 1433 3783 constantia

221 3815 289 3861 cnm
312 3799 391 3862 asini
412 3802 585 3880 pertinacia
607 3800 774 3865 confertur.

302 3880 344 3945 Et
365 3881 440 3947 haec
460 3883 583 3965 quidem
607 3882 765 3947 hactenus

634 4164 1021 4174 ——-—-
