2964 4980
717 290 756 351 26

133 477 216 530 torta
231 507 538 528 ..................
558 462 713 538 ἐπερωτῶσι
764 459 852 516 ὄντα
881 463 941 517 καὶ
967 459 1024 516 ὅτι
1052 461 1087 523 ἐξ
1112 463 1268 522 ἑκάστου
1290 463 1330 522 ah

130 540 195 606 τοὺς
214 537 315 604 Sacis,
343 530 597 610 τίτεχρὴκαί
621 530 714 587 tior?
762 527 1073 603 ιιῖνιῒποβήσιιιιι
1087 575 1251 592 ..........
1268 556 1331 610 προ-

126 609 191 688 χρὴ
210 617 344 667 ποιεῖν.
762 604 1008 688 σηρῇίνιζυσιι
1035 598 1111 658 ὅτε
1131 601 1199 677 χρὴ
1224 613 1333 660 ποιεῖν

279 715 284 730 .
365 701 411 765 pv,
430 701 472 752 43·
763 690 822 723 ιιοιι
841 692 859 722 ιι
879 691 1005 744 ουχρη.

165 788 219 846 Διὰ
240 790 269 843 δὲ
289 784 318 842 τὸ
335 784 506 860 προειδέναι,
525 782 585 834 καὶ
605 774 660 832 ὅτι
680 777 715 836 ἐξ
1015 800 1019 805 ·

131 862 283 917 εκάστου
315 854 553 937 onuphrianum,
589 851 712 935 cappanis¹

131 953 192 985 νου
216 933 314 1016 σι’,ιιοι
334 964 428 982 ......
431 940 501 994 ,ατο
522 920 593 989 δεῖ,
615 938 677 970 και
695 938 711 969 ιι

132 997 170 1056 οὔ
191 1021 256 1073 χρη
276 1003 409 1051 ποιεῖν.

214 1093 332 1171 Quibus
354 1090 430 1153 locis
452 1089 536 1151 iuter
555 1102 589 1147 se
617 1078 806 1159 comparatis
825 1078 897 1141 mihi
920 1079 1044 1159 quidem
1072 1079 1141 1145 que
1164 1082 1281 1146 clarius
1301 1083 1335 1146 ri·

131 1182 224 1244 detur
246 1195 314 1241 esse
329 1180 489 1237 auctorem
504 1186 551 1249 ca,
573 1183 654 1246 quae
667 1163 705 1225 de
724 1161 852 1224 Socrate
871 1162 902 1224 in
918 1161 1168 1240 Crinuneutariis,
1191 1165 1232 1228 de
1245 1165 1336 1229 Persis

131 1266 161 1328 in
183 1262 254 1342 Cyri
286 1255 482 1321 institutione
504 1248 671 1330 separatim
694 1247 831 1320 dixerat,
861 1245 1021 1325 complexa
1043 1262 1111 1308 esse
1134 1248 1165 1309 in
1189 1246 1336 1328 convivio,

131 1342 384 1427 quamobrem
424 1330 659 1400 Conuiuium
690 1334 783 1407 post
813 1325 1133 1392 Commentarios
1175 1338 1217 1393 et
1255 1338 1337 1412 post

132 1423 422 1509 Cy1·0pae‹iiam
445 1435 548 1481 anuo
572 1412 741 1477 circiter
764 1409 824 1471 365
856 1409 1056 1489 scriptum
1080 1429 1172 1474 esse
1193 1429 1337 1475 censeo.

213 1510 382 1573 Praeterea
404 1497 578 1580 comparari
602 1500 734 1576 possunt
759 1491 816 1553 ioci
839 1491 888 1553 hi:

371 1607 481 1664 conviv.
980 1612 1128 1682 Cyropoed,

371 1695 419 1757 lv,
437 1695 479 1747 48.
995 1698 1016 1762 Ι,
1035 1700 1060 1763 6,
1078 1699 1103 1752 4.

167 1786 194 1838 οἱ
212 1785 277 1837 θεοὶ
383 1776 453 1834 οἷτω
471 1801 521 1852 μοι
541 1781 617 1847 φίλοι
637 1775 714 1834 εἰσίν.
800 1778 836 1842 ὥς
865 1778 934 1856 πρὸς
961 1785 1058 1851 φίλους
1091 1805 1143 1856 μοι
1173 1782 1259 1848 ὄντος
1284 1782 1340 1848 τοὺς
1384 1774 1386 1809 ἶ

765 1848 852 1912 θεοὺς
870 1852 1024 1924 διάκειμαι.

389 1941 501 1995 Conviv.
856 1945 1007 1999 Commeat.

307 2108 310 2113 Ι
415 2027 449 2107 v,
475 2032 502 2089 e.
851 2029 899 2104 ιιι,
922 2034 952 2106 a,
976 2036 1003 2092 5.

522 2134 524 2138 >
850 2112 900 2188 ιν,
923 2116 951 2191 c,
974 2112 1002 2175 o.

372 2192 448 2269 vul,
471 2197 499 2257 2.
850 2191 901 2270 IV,
928 2201 952 2271 i,
975 2199 1003 2258 2.

606 2291 609 2297 ·
867 2275 903 2353 ιι,
924 2276 953 2354 o,
976 2281 1023 2340 as.

376 2357 451 2438 vui,
476 2363 521 2421 ie.
866 2357 898 2438 u,
923 2366 952 2438 ι,
976 2366 1004 2421 a.

374 2438 450 2521 vui,
473 2443 522 2504 ea.
863 2438 900 2518 u,
923 2445 951 2518 c,
976 2446 1024 2505 35.

884 2546 982 2617 Cyrop.

882 2631 903 2710 Ι,
925 2638 954 2708 4,
977 2637 1027 2695 25.

863 2730 1016 2785 comment.

377 2792 450 2869 VIII,
474 2795 521 2854 43.
882 2801 902 2876 ιἱ
927 2802 953 2873 7,
981 2806 1004 2861 ι,

866 2881 899 2962 11,
923 2891 952 2959 o,
976 2885 1026 2944 39.

599 3061 889 3072 ιι------.-...

217 3173 249 3235 Iu
285 3173 471 3252 scriptorum
515 3189 596 3251 quae
630 3181 781 3238 vocantur
820 3174 1102 3256 philosophicorum
1134 3173 1245 3235 ordine
1278 3179 1349 3251 post

133 3255 316 3318 Convivmm
341 3255 681 3332 0e00n0111i0um1)
703 3257 877 3337 Xenophon
899 3257 1082 3338 composuit.
1128 3261 1246 3318 Auctor
1267 3272 1350 3329 vero,

133 3337 206 3399 dum
230 3336 286 3399 hos
310 3337 416 3398 condit
435 3334 541 3414 libros,
565 3337 780 3401 additamenta
803 3339 1100 3404 adCommcutarios
1123 3337 1348 3417 proponerem

133 3421 240 3480 auiruo
264 3417 377 3498 habet;
401 3419 482 3480 inter
506 3418 701 3483 scribendum
717 3428 821 3485 autem
838 3422 972 3485 studium
995 3417 1089 3500 ipsius
1108 3421 1258 3482 materiae
1279 3437 1348 3484 eum

133 3501 210 3564 adeo
232 3500 385 3582 incitavit,
407 3506 442 3563 ut
463 3519 541 3582 opus
564 3503 595 3565 in
619 3504 728 3583 maius,
751 3522 843 3584 urtam
866 3505 932 3584 ipse
955 3504 1115 3581 voluisset,
1140 3507 1349 3575 accresceret;

131 3583 161 3645 io
188 3582 373 3646 contendere
403 3582 493 3648 uobis
523 3585 595 3648 iicet
625 3587 663 3648 de
686 3586 853 3662 Cominio,
886 3587 937 3649 uhi
957 3585 1098 3648 Platonis
1122 3582 1297 3663 exemplum
1317 3582 1348 3644 in

131 3667 297 3745 propatuto
321 3672 378 3742 est,
402 3666 431 3727 id
456 3685 569 3743 nugare
591 3669 753 3747 nequimus
770 3668 809 3730 de
824 3667 1043 3740 Oeconomico;
1068 3663 1243 3746 Xenophon
1266 3665 1348 3728 enim

130 3764 207 3826 prae
239 3749 348 3810 ceteris
375 3749 442 3826 ipse
471 3749 529 3811 fuit
560 3752 774 3813 oeconomicus
805 3750 855 3825 (cf.
881 3750 971 3812 Mem.
1002 3749 1048 3824 ΙΙΙ,
1070 3757 1089 3811 4
1113 3756 1144 3811 et
1167 3747 1230 3823 ai).
1287 3746 1349 3812 Sed

131 3827 192 3891 huc
221 3830 283 3892 aiio
307 3848 401 3893 causa
423 3831 549 3894 accedit.
593 3832 683 3895 Nova
706 3833 756 3896 iux
779 3832 997 3913 Xenophontis
1020 3833 1103 3894 vitae
1124 3828 1250 3906 affulsit,
1280 3846 1347 3893 cum

131 3929 233 3973 rerum
268 3912 446 3976 conditione
469 3920 591 3976 mutata
616 3916 754 3978 Athenas
776 3924 986 3979 revocaretur.
1035 3915 1104 3992 Quo
1132 3914 1216 3975 Iacto
1238 3912 1347 3976 statim

130 3995 253 4072 patriae
277 3997 441 4057 utilitatem
472 3993 584 4058 afferre
612 4015 730 4059 summo
758 3998 863 4060 studio
892 4004 1022 4061 conatus
1046 4003 1102 4058 est.
1147 3995 1256 4072 Itaque
1280 4011 1348 4057 cum

131 4077 217 4139 iibris
236 4077 326 4140 editis
344 4078 504 4141 commoda
521 4078 641 4142 civibus
658 4080 722 4142 suis
739 4098 853 4160 parare
869 4098 964 4160 quam
977 4078 1195 4141 cruentissime
1210 4081 1349 4156 cuperet,

201 4271 225 4340 1)
251 4273 284 4326 cf.
304 4272 336 4326 G.
357 4273 457 4340 Vogel,
483 4273 531 4327 Die
548 4274 719 4328 Oekonomik
744 4276 790 4331 des
807 4276 935 4345 Xenoph.
964 4274 1101 4346 Erlnugen
1124 4272 1200 4326 1895.
1244 4270 1346 4324 Hoder·

131 4357 223 4405 mann,
244 4344 349 4410 quaest.
370 4357 461 4397 oecon.
480 4343 626 4413 specimen.
654 4344 746 4399 Berlin
767 4345 842 4399 1896.
