2964 4980
328 485 358 538 in
376 486 526 541 Comment.
952 485 980 539 iu
1000 488 1064 556 Cyri
1081 488 1168 546 instit.

364 578 399 646 ΙΙ,
418 579 442 648 3,
460 581 485 632 4.
989 583 1023 650 ΙΙ,
1043 583 1066 648 1,
1082 584 1125 635 28.

227 709 233 721 ,
250 669 297 720 καί
310 662 371 754 ,σὴρ
383 661 453 745 πρὸς
468 663 720 747 φιλίανκμέγαῃμίν
807 663 922 748 ἐδόκρυν
938 666 969 719 δὲ
985 663 1157 735 testemur
1173 663 1246 738 αὐτῷ
1262 663 1350 754 6μοῦ

137 730 257 807 ίπιίρχει
291 754 321 788 τυ
350 753 382 788 εκ
418 751 471 786 των
498 752 590 786 αυτων
623 752 719 800 poros,
770 751 997 805 τρεωομενοι
1032 738 1079 788 καί
1105 733 1174 805 πρὸς
1208 737 1237 788 τὸ
1266 756 1351 808 pstor

137 808 230 874 μέγα
255 804 290 856 δὲ
310 798 407 874 ίμοῦ
432 800 548 884 τραρῆ
557 821 630 866 ναι,
658 799 720 854 ἐπεὶ
769 797 901 872 stuprose
911 799 1023 856 ἐθέλειν
1036 800 1209 870 ἀπολείπειν,
1224 801 1267 858 ὅτι
1278 804 1349 879 ἑσίρα

137 867 718 943 καὶτοῖςθηρίοιςποθοςτιςέγ-
769 867 1349 945 καίτιίθηρίατὰσυντρεφόμενα

137 944 312 1011 γίγνεται
339 939 405 993 ταῖν
429 936 649 1009 συντρόφων.
685 939 719 992 cf.
768 935 1154 1024 δεινὸζέζρνταπόθον,
1176 939 1349 1012 ἢντιςαιίτᾶ

136 1014 279 1079 praeterea
297 1009 361 1078 Cyri
379 1007 442 1060 inst.
466 1006 538 1067 Vlll,
560 1008 584 1074 7,
604 1007 644 1059 15.
768 1007 870 1077 διασπᾳ
890 1027 929 1060 απ
956 1005 1088 1078 αλλήλων.

219 1126 279 1188 Pro
302 1132 388 1189 certo
408 1124 627 1189 affirmaverim
651 1124 722 1206 Cyri
746 1126 847 1191 instit.
870 1127 969 1190 iocum
1000 1146 1017 1190 e
1040 1126 1276 1191 Commentariis
1297 1129 1349 1192 rte-

137 1213 317 1288 promptum
339 1224 426 1287 esse,
449 1207 502 1270 sed
525 1207 563 1269 de
585 1207 644 1270 hec
665 1209 849 1288 quaestione
871 1215 989 1288 postea.

171 1313 271 1367 Senum
288 1312 416 1366 laudatur
434 1310 571 1379 dignitas:
802 1312 876 1366 Dicit
894 1313 993 1381 Cyrus:

355 1397 389 1459 II,
408 1399 432 1464 3,
458 1397 499 1449 16.
970 1398 1043 1463 VIII,
1064 1399 1146 1462 7,10.

177 1481 256 1544 Παῖςς
284 1481 336 1551 ἔφη
362 1475 377 1532 ὅ
405 1479 564 1551 Σωκράτης·
589 1483 627 1532 οὐ
651 1476 719 1551 γὰρ
804 1478 976 1552 ἐπαιδεύθην
994 1481 1024 1534 δὲ
1038 1485 1085 1535 καί
1098 1478 1182 1542 αὐτὸς
1196 1477 1282 1542 οὕτως
1293 1477 1348 1535 ὕπὸ

136 1553 199 1602 καί
235 1547 319 1603 ὁδοῦ
354 1549 617 1621 παραχωρῆσαι
659 1545 719 1601 τὸν
768 1549 848 1618 τῆςδε
867 1548 1002 1621 τῆςὲμῆς
1021 1552 1118 1604 τεκαὶ
1142 1547 1348 1622 ίμετέραςπα-

136 1616 318 1689 νεώτερον
358 1616 591 1688 πρεσβυτέρῳ
633 1636 717 1669 σαν·
768 1614 1347 1691 τρίδος,τοῖςπρεσβυτὲρσιςοῦμό-

136 1685 367 1768 τυγχάνοριτι
400 1685 543 1766 πανταχοῦ
577 1688 718 1767 νομίζεται
767 1682 967 1768 ρονηᾶιίελφσῖς
992 1683 1059 1769 α’λλὰ
1085 1690 1132 1740 καί
1155 1689 1283 1746 πολίταις
1301 1688 1348 1740 καί

135 1757 183 1807 καί
218 1762 433 1825 καθημενον
464 1771 717 1824 υπαναστηναι
767 1755 850 1806 σίων
887 1758 946 1808 καί
980 1763 1104 1808 «taxer
1141 1757 1189 1808 καί
1232 1754 1347 1824 λόγων

136 1825 183 1904 agat*
202 1826 280 1948 τοξίτῃ
293 1821 406 1896 μαλακῇ
415 1820 529 1891 τιμῆσαι
544 1823 591 1873 καί
604 1823 718 1891 λόγων
766 1817 942 1877 ὖπείκειν
960 1844 984 1876 κ.
1005 1842 1028 1878 τ.
1049 1826 1071 1876 λ.

136 1909 221 1943 unet
250 1910 301 1953 αι;

810 2004 933 2059 Socrates
961 2004 991 2057 in
1019 2007 1165 2060 comment.
1190 2004 1253 2058 1.ΙΙ
1282 2022 1304 2058 c.
1328 2005 1346 2057 4

764 2072 860 2127 eodem
878 2073 960 2126 modo
979 2074 1019 2126 de
1036 2073 1205 2128 amicitie
1222 2072 1346 2145 disputat

762 2156 817 2208 quo
845 2142 929 2209 Cyrus
956 2141 1074 2195 moriens
1100 2142 1129 2195 in
1156 2141 1280 2195 oratione
1309 2141 1344 2196 ed

763 2209 833 2262 tilios
851 2213 934 2278 etque
952 2209 1062 2264 amicos.

333 2279 367 2340 ΙΙ,
386 2279 412 2346 4,
434 2282 444 2330 l
466 2295 506 2346 sq.
939 2277 1014 2340 vill,
1032 2279 1057 2341 7,
1078 2278 1109 2330 13
1126 2296 1166 2345 sq.

801 2395 941 2457 Quomodo
958 2412 1014 2450 sese
1026 2411 1121 2464 gerere
1136 2394 1234 2449 debeat
1246 2394 1345 2462 aliquis

765 2464 893 2518 adversus
903 2464 1012 2527 amicos,
1032 2463 1342 2534 explanetXenophon:

356 2561 492 2623 mam.
991 2557 1115 2624 iam

169 2647 266 2699 ...καί
285 2639 329 2697 ὅτι
350 2645 474 2714 ἔγνωκας
493 2641 592 2716 ἄνδρός
611 2640 714 2718 α’ρετὴν
861 2638 972 2700 ἐλπίδας
990 2641 1058 2712 ἔχων
1077 2635 1103 2710 (ὅ
1121 2635 1275 2708 Ἀστυάγης)
1293 2656 1342 2708 με·

134 2711 207 2766 εἶναι
221 2713 329 2766 νικᾶν
342 2709 424 2772 τοὺς
438 2715 566 2779 φίλους
586 2701 624 2766 τί
641 2733 713 2765 noo·
783 2708 851 2769 τίλας
869 2706 900 2763 ἐν
916 2705 989 2780 αὐτῷ
1007 2711 1073 2778 (scil.
1089 2708 1126 2780 τῷ
1141 2706 1235 2778 Κύρῳ)
1255 2704 1342 2776 ἄνδρα

133 2781 255 2847 οὗντα,
275 2777 338 2841 τοὺς
356 2777 385 2833 δ’
404 2777 562 2853 ἐχθροὺς
581 2782 697 2841 κακῶς.
762 2729 878 2831 ἔσεσθαι
896 2773 1027 2830 ίκανὸν
1046 2779 1105 2830 καί
1122 2770 1343 2860 ρίλρυςσίφε·

763 2848 843 2899 λεῑν
862 2848 921 2899 καί
940 2842 1096 2919 ἐχθροὺς
1115 2864 1233 2896 arear.

201 2963 364 3017 Brevissima
387 2964 415 3016 et
438 2961 576 3016 tutissime.
593 2965 621 3016 et
647 2961 831 3030 pulcherrima
849 2962 883 3015 ad
901 2961 1051 3015 amicitiem
1070 2962 1115 3014 via
1133 2962 1175 3014 est
1192 2960 1274 3021 hoec,
1302 2960 1341 3021 ut,

132 3034 241 3100 qualem
259 3034 287 3086 te
308 3031 343 3085 ab
362 3031 449 3084 amico
467 3029 564 3085 heberi
581 3029 682 3099 cupias,
701 3028 765 3083 telis
784 3046 879 3084 revers
896 3046 953 3084 es=e
971 3029 1083 3083 coneris.

350 3124 482 3186 mem
990 3121 1111 3190 sem

227 3206 294 3261 α’λλτί
321 3207 580 3279 συντομωτάτη
609 3228 640 3262 τε
666 3211 713 3262 καί
796 3247 863 3260 .....
883 3193 1250 3274 conscendentium,
1268 3223 1341 3257 συν-

132 3274 324 3346 ιίσφαλεστιίτη
351 3279 399 3329 καί
424 3278 552 3349 καλλίστη
571 3274 665 3342 ὁδός,
690 3266 712 3329 σί
761 3273 951 3346 τσμωτὲρα
976 3269 1068 3338 ὁδός,
1093 3274 1178 3345 περὶ
1197 3272 1242 3325 ὦν
1267 3271 1339 3341 βοί-

133 3343 315 3417 Κριτόβσυλε,
334 3339 394 3398 ὅτι
413 3341 712 3420 &spectationis
760 3346 817 3397 λει
842 3344 969 3396 δακεῖν
988 3342 1167 3415 φρόνιμος
1186 3338 1299 3405 εἶναι,
1325 3338 1341 3411 ἢ

129 3409 273 3481 sparte
299 3409 417 3476 εἶναι,
442 3413 545 3467 τοῦτο
573 3417 632 3468 καί
656 3433 709 3482 ys·
760 3407 796 3464 τὸ
815 3405 1340 3485 γενέσθαιπερίτοιίτωνφρό-

130 3477 658 3556 νέσθαιᾶγαθὸνπειρᾶσθαι.
759 3499 878 3550 νιμον.

212 3775 300 3837 Nunc
322 3776 431 3837 merito
454 3793 587 3853 quaeras
607 3793 644 3838 ex
673 3791 737 3849 me,
770 3791 862 3853 quem
891 3772 1027 3836 fructum
1061 3774 1268 3853 percipiamus
1302 3790 1339 3834 ex

129 3859 263 3918 duorum
284 3856 403 3919 illorum
427 3855 644 3935 Xenophontis
675 3873 802 3934 operum
826 3856 1065 3933 comparatione.
1121 3854 1236 3917 Multos
1258 3854 1339 3915 enim

128 3937 349 4016 proposuimus
371 3937 472 4010 iocos,
500 3938 550 4000 ubi
574 3938 604 4000 in
627 3937 855 4000 commentariis
878 3936 1024 3999 Socrates
1047 3937 1170 3997 eastern
1204 3934 1339 4013 explicat

128 4019 312 4094 sententies,
334 4035 413 4096 quas
430 4018 597 4097 Cambyses
619 4025 709 4098 pater
730 4019 778 4081 vel
794 4017 893 4096 Cyrus
911 4017 991 4079 filins
1008 4018 1037 4079 in
1051 4017 1122 4095 Cyri
1143 4016 1339 4081 institutione

126 4107 222 4178 atque
244 4106 276 4163 te
298 4098 487 4162 intellexisse
512 4101 654 4163 existimo
673 4099 833 4163 Socratem
846 4098 1028 4176 Cambysem
1053 4096 1164 4177 Cyrum
1188 4115 1247 4160 non
1270 4113 1339 4159 esse

127 4182 270 4262 diversos
292 4180 351 4243 nisi
373 4181 556 4259 nominibus,
578 4181 803 4245 sententiarum
827 4180 936 4243 miram
955 4197 1086 4258 prorsus
1107 4196 1175 4241 esse
1197 4177 1338 4240 similitu-
