<?xml version="1.0" encoding="UTF-8"?>
<!DOCTYPE html PUBLIC "-//W3C//DTD XHTML 1.0 Transitional//EN"
    "http://www.w3.org/TR/xhtml1/DTD/xhtml1-transitional.dtd">
<html xmlns="http://www.w3.org/1999/xhtml" xml:lang="en" lang="en">
 <head>
  <title>
</title>
<meta http-equiv="Content-Type" content="text/html;charset=utf-8" />
  <meta name='ocr-system' content='tesseract 3.04.00' />
  <meta name='ocr-capabilities' content='ocr_page ocr_carea ocr_par ocr_line ocrx_word'/>
</head>
<body>
  <div class='ocr_page' id='page_1' title='image "./quaestionesxeno00dahmgoog_0049.png"; bbox 0 0 2964 4980; ppageno 0'>
   <div class='ocr_carea' id='block_1_1' title="bbox 818 314 858 378">
    <p class='ocr_par' dir='ltr' id='par_1_1' title="bbox 818 314 858 378">
     <span class='ocr_line' id='line_1_1' title="bbox 818 314 858 378; baseline 0.05 -2"><span class='ocrx_word' id='word_1_1' title='bbox 818 314 858 378; x_wconf 83' lang='grc'>34</span> 
     </span>
    </p>
   </div>
   <div class='ocr_carea' id='block_1_2' title="bbox 221 476 1474 751">
    <p class='ocr_par' dir='ltr' id='par_1_2' title="bbox 221 476 1474 751">
     <span class='ocr_line' id='line_1_2' title="bbox 222 476 1474 576; baseline -0.004 -20"><span class='ocrx_word' id='word_1_2' title='bbox 222 508 360 564; x_wconf 82' lang='grc' dir='ltr'><strong><em>σκοισας</em></strong></span> <span class='ocrx_word' id='word_1_3' title='bbox 381 489 448 571; x_wconf 77' lang='grc' dir='ltr'>ὁρῶ</span> <span class='ocrx_word' id='word_1_4' title='bbox 470 488 621 564; x_wconf 65' lang='lat' dir='ltr'>edrone</span> <span class='ocrx_word' id='word_1_5' title='bbox 643 487 892 555; x_wconf 67' lang='grc' dir='ltr'><strong><em>δεικνύντας</em></strong></span> <span class='ocrx_word' id='word_1_6' title='bbox 921 512 958 552; x_wconf 82' lang='grc' dir='ltr'><strong><em>τι</em></strong></span> <span class='ocrx_word' id='word_1_7' title='bbox 980 493 1047 565; x_wconf 77' lang='grc' dir='ltr'><strong><em>τοῖς</em></strong></span> <span class='ocrx_word' id='word_1_8' title='bbox 1069 487 1325 569; x_wconf 73' lang='grc' dir='ltr'><strong><em>μανθάνουσιν,</em></strong></span> <span class='ocrx_word' id='word_1_9' title='bbox 1355 476 1430 576; x_wconf 74' lang='grc' dir='ltr'>ιἤπερ</span> <span class='ocrx_word' id='word_1_10' title='bbox 1472 486 1474 497; x_wconf 85' lang='lat'>&#39;</span> 
     </span>
     <span class='ocr_line' id='line_1_3' title="bbox 221 569 1425 654; baseline 0 -18"><span class='ocrx_word' id='word_1_11' title='bbox 221 573 314 649; x_wconf 74' lang='grc' dir='ltr'><strong><em>αι’τοὶ</em></strong></span> <span class='ocrx_word' id='word_1_12' title='bbox 331 574 490 652; x_wconf 84' lang='grc' dir='ltr'><strong><em>ποιοῦσιν,</em></strong></span> <span class='ocrx_word' id='word_1_13' title='bbox 513 569 772 650; x_wconf 82' lang='grc' dir='ltr'><strong><em>ἃδιδάσκουσιν,</em></strong></span> <span class='ocrx_word' id='word_1_14' title='bbox 790 573 844 636; x_wconf 85' lang='grc' dir='ltr'><strong>καί</strong></span> <span class='ocrx_word' id='word_1_15' title='bbox 867 577 919 654; x_wconf 76' lang='grc' dir='ltr'>τῷ</span> <span class='ocrx_word' id='word_1_16' title='bbox 940 571 1042 654; x_wconf 75' lang='grc' dir='ltr'><em>λόγῳ</em></span> <span class='ocrx_word' id='word_1_17' title='bbox 1063 570 1425 654; x_wconf 74' lang='grc' dir='ltr'><strong><em>προσβιβάζοντας.</em></strong></span> 
     </span>
     <span class='ocr_line' id='line_1_4' title="bbox 222 653 1424 751; baseline -0.006 -30"><span class='ocrx_word' id='word_1_18' title='bbox 222 653 271 721; x_wconf 84' lang='lat' dir='ltr'>lta</span> <span class='ocrx_word' id='word_1_19' title='bbox 303 655 462 720; x_wconf 81' lang='lat' dir='ltr'><strong>Socratem</strong></span> <span class='ocrx_word' id='word_1_20' title='bbox 495 672 618 751; x_wconf 87' lang='lat' dir='ltr'>quoque</span> <span class='ocrx_word' id='word_1_21' title='bbox 650 657 750 729; x_wconf 66' lang='lat' dir='ltr'>egisse</span> <span class='ocrx_word' id='word_1_22' title='bbox 781 663 814 717; x_wconf 92' lang='lat' dir='ltr'>et</span> <span class='ocrx_word' id='word_1_23' title='bbox 843 656 881 720; x_wconf 91' lang='lat' dir='ltr'>de</span> <span class='ocrx_word' id='word_1_24' title='bbox 912 657 1029 719; x_wconf 88' lang='lat' dir='ltr'>virtute</span> <span class='ocrx_word' id='word_1_25' title='bbox 1062 665 1092 718; x_wconf 90' lang='lat' dir='ltr'>et</span> <span class='ocrx_word' id='word_1_26' title='bbox 1119 658 1157 718; x_wconf 88' lang='lat' dir='ltr'>de</span> <span class='ocrx_word' id='word_1_27' title='bbox 1180 656 1276 719; x_wconf 86' lang='lat' dir='ltr'>rebus</span> <span class='ocrx_word' id='word_1_28' title='bbox 1296 653 1424 717; x_wconf 85' lang='lat' dir='ltr'>henneis</span> 
     </span>
    </p>
   </div>
   <div class='ocr_carea' id='block_1_3' title="bbox 221 736 1474 2711">
    <p class='ocr_par' dir='ltr' id='par_1_3' title="bbox 221 736 1474 2711">
     <span class='ocr_line' id='line_1_5' title="bbox 222 736 1422 818; baseline -0.003 -16"><span class='ocrx_word' id='word_1_29' title='bbox 222 738 335 802; x_wconf 90' lang='lat' dir='ltr'>ceteris</span> <span class='ocrx_word' id='word_1_30' title='bbox 364 736 611 818; x_wconf 81' lang='lat' dir='ltr'>praeclarissime</span> <span class='ocrx_word' id='word_1_31' title='bbox 641 737 840 801; x_wconf 79' lang='lat' dir='ltr'>disseruisse:</span> <span class='ocrx_word' id='word_1_32' title='bbox 875 737 1070 802; x_wconf 77' lang='lat' dir='ltr'>Alcibiadem</span> <span class='ocrx_word' id='word_1_33' title='bbox 1090 746 1122 800; x_wconf 92' lang='lat' dir='ltr'>et</span> <span class='ocrx_word' id='word_1_34' title='bbox 1145 738 1296 814; x_wconf 77' lang='lat' dir='ltr'>Glitiam,</span> <span class='ocrx_word' id='word_1_35' title='bbox 1327 737 1422 818; x_wconf 83' lang='lat' dir='ltr'>qrrihus</span> 
     </span>
     <span class='ocr_line' id='line_1_6' title="bbox 221 818 1421 903; baseline -0.003 -19"><span class='ocrx_word' id='word_1_36' title='bbox 221 818 395 884; x_wconf 85' lang='lat' dir='ltr'>nominibus</span> <span class='ocrx_word' id='word_1_37' title='bbox 417 821 603 883; x_wconf 88' lang='lat' dir='ltr'>sententiam</span> <span class='ocrx_word' id='word_1_38' title='bbox 624 839 711 885; x_wconf 85' lang='lat' dir='ltr'>suam</span> <span class='ocrx_word' id='word_1_39' title='bbox 729 822 886 883; x_wconf 88' lang='lat' dir='ltr'>munierat</span> <span class='ocrx_word' id='word_1_40' title='bbox 906 821 1096 903; x_wconf 76' lang='lat' dir='ltr'>Polycrates,</span> <span class='ocrx_word' id='word_1_41' title='bbox 1117 820 1216 883; x_wconf 68' lang='lat' dir='ltr'>belnae</span> <span class='ocrx_word' id='word_1_42' title='bbox 1231 821 1313 898; x_wconf 83' lang='lat' dir='ltr'>hugi</span> <span class='ocrx_word' id='word_1_43' title='bbox 1332 820 1421 898; x_wconf 86' lang='lat' dir='ltr'>fuisse,</span> 
     </span>
     <span class='ocr_line' id='line_1_7' title="bbox 222 900 1419 985; baseline -0.004 -19"><span class='ocrx_word' id='word_1_44' title='bbox 222 903 369 985; x_wconf 82' lang='lat' dir='ltr'>quamdiu</span> <span class='ocrx_word' id='word_1_45' title='bbox 391 903 530 966; x_wconf 85' lang='lat' dir='ltr'>Socratis</span> <span class='ocrx_word' id='word_1_46' title='bbox 549 910 713 967; x_wconf 88' lang='lat' dir='ltr'>uterentur</span> <span class='ocrx_word' id='word_1_47' title='bbox 734 900 958 969; x_wconf 83' lang='lat' dir='ltr'>familiaritate.</span> <span class='ocrx_word' id='word_1_48' title='bbox 1001 904 1066 966; x_wconf 85' lang='lat' dir='ltr'>iam</span> <span class='ocrx_word' id='word_1_49' title='bbox 1093 903 1162 965; x_wconf 90' lang='lat' dir='ltr'>nolo</span> <span class='ocrx_word' id='word_1_50' title='bbox 1188 920 1329 982; x_wconf 83' lang='lat' dir='ltr'>urguere,</span> <span class='ocrx_word' id='word_1_51' title='bbox 1352 902 1419 980; x_wconf 81' lang='lat' dir='ltr'>qriod</span> 
     </span>
     <span class='ocr_line' id='line_1_8' title="bbox 222 982 1421 1129; baseline -0.003 -80"><span class='ocrx_word' id='word_1_52' title='bbox 222 987 420 1049; x_wconf 78' lang='lat' dir='ltr'>contentione</span> <span class='ocrx_word' id='word_1_53' title='bbox 453 986 613 1048; x_wconf 85' lang='lat' dir='ltr'>notionum</span> <span class='ocrx_word' id='word_1_54' title='bbox 636 984 754 1058; x_wconf 75' lang='grc' dir='ltr'><strong><em>αὐτούς</em></strong></span> <span class='ocrx_word' id='word_1_55' title='bbox 784 983 972 1061; x_wconf 82' lang='grc' dir='ltr'><strong><em>δεικνύντας</em></strong></span> <span class='ocrx_word' id='word_1_56' title='bbox 1002 988 1035 1064; x_wconf 85' lang='grc' dir='ltr'>(Ι.</span> <span class='ocrx_word' id='word_1_57' title='bbox 1060 1005 1084 1049; x_wconf 84' lang='lat' dir='ltr'>e.</span> <span class='ocrx_word' id='word_1_58' title='bbox 1115 982 1288 1129; x_wconf 56' lang='grc' dir='ltr'><strong><em>πράττειν2</em></strong></span> <span class='ocrx_word' id='word_1_59' title='bbox 1317 985 1421 1063; x_wconf 77' lang='grc' dir='ltr'><strong><em>καὶτῷ</em></strong></span> 
     </span>
     <span class='ocr_line' id='line_1_9' title="bbox 221 1065 1419 1148; baseline -0.004 -18"><span class='ocrx_word' id='word_1_60' title='bbox 221 1065 305 1146; x_wconf 77' lang='grc' dir='ltr'><strong><em>λόγῳ</em></strong></span> <span class='ocrx_word' id='word_1_61' title='bbox 330 1066 562 1147; x_wconf 81' lang='grc' dir='ltr'><strong><em>προσβιβάζειν</em></strong></span> <span class='ocrx_word' id='word_1_62' title='bbox 591 1069 624 1144; x_wconf 78' lang='lat' dir='ltr'>(i.</span> <span class='ocrx_word' id='word_1_63' title='bbox 647 1086 672 1131; x_wconf 90' lang='lat' dir='ltr'>c.</span> <span class='ocrx_word' id='word_1_64' title='bbox 698 1067 827 1148; x_wconf 75' lang='grc' dir='ltr'><strong><em>λέγειν),</em></strong></span> <span class='ocrx_word' id='word_1_65' title='bbox 856 1070 1088 1148; x_wconf 85' lang='lat' dir='ltr'>praedicatione</span> <span class='ocrx_word' id='word_1_66' title='bbox 1121 1067 1174 1129; x_wconf 88' lang='lat' dir='ltr'>illa</span> <span class='ocrx_word' id='word_1_67' title='bbox 1208 1066 1264 1128; x_wconf 81' lang='grc' dir='ltr'>δια</span> <span class='ocrx_word' id='word_1_68' title='bbox 1286 1066 1419 1148; x_wconf 75' lang='grc' dir='ltr'><strong><em>ιγόμενον</em></strong></span> 
     </span>
     <span class='ocr_line' id='line_1_10' title="bbox 223 1147 1421 1232; baseline -0.003 -20"><span class='ocrx_word' id='word_1_69' title='bbox 223 1147 384 1212; x_wconf 76' lang='grc' dir='ltr'><strong><em>κάλλιστα</em></strong></span> <span class='ocrx_word' id='word_1_70' title='bbox 407 1149 482 1228; x_wconf 82' lang='grc' dir='ltr'><strong><em>περὶ</em></strong></span> <span class='ocrx_word' id='word_1_71' title='bbox 508 1147 624 1232; x_wconf 74' lang='grc' dir='ltr'><strong><em>αρετῆς</em></strong></span> <span class='ocrx_word' id='word_1_72' title='bbox 648 1149 698 1230; x_wconf 77' lang='lat' dir='ltr'>(cl.</span> <span class='ocrx_word' id='word_1_73' title='bbox 721 1149 857 1213; x_wconf 76' lang='lat' dir='ltr'>antisti.</span> <span class='ocrx_word' id='word_1_74' title='bbox 890 1152 965 1231; x_wconf 81' lang='grc' dir='ltr'><strong><em>περὶ</em></strong></span> <span class='ocrx_word' id='word_1_75' title='bbox 999 1153 1057 1213; x_wconf 86' lang='grc' dir='ltr'>τοῦ</span> <span class='ocrx_word' id='word_1_76' title='bbox 1080 1149 1294 1229; x_wconf 75' lang='grc' dir='ltr'><strong><em>διαλέγεσθαι</em></strong></span> <span class='ocrx_word' id='word_1_77' title='bbox 1316 1147 1421 1212; x_wconf 78' lang='grc' dir='ltr'><strong><em>άντιλο·</em></strong></span> 
     </span>
     <span class='ocr_line' id='line_1_11' title="bbox 223 1228 1421 1315; baseline -0.001 -22"><span class='ocrx_word' id='word_1_78' title='bbox 223 1228 318 1312; x_wconf 80' lang='grc' dir='ltr'><strong><em>γικός,</em></strong></span> <span class='ocrx_word' id='word_1_79' title='bbox 339 1230 415 1309; x_wconf 77' lang='grc' dir='ltr'><strong><em>περὶ</em></strong></span> <span class='ocrx_word' id='word_1_80' title='bbox 439 1230 608 1294; x_wconf 79' lang='grc' dir='ltr'><strong><em>διαλέκτου</em></strong></span> <span class='ocrx_word' id='word_1_81' title='bbox 626 1241 697 1295; x_wconf 89' lang='lat' dir='ltr'>torn.</span> <span class='ocrx_word' id='word_1_82' title='bbox 715 1231 764 1310; x_wconf 87' lang='lat' dir='ltr'>ll),</span> <span class='ocrx_word' id='word_1_83' title='bbox 788 1250 842 1295; x_wconf 88' lang='lat' dir='ltr'>nec</span> <span class='ocrx_word' id='word_1_84' title='bbox 865 1252 923 1296; x_wconf 80' lang='lat' dir='ltr'>nori</span> <span class='ocrx_word' id='word_1_85' title='bbox 942 1236 1010 1315; x_wconf 91' lang='lat' dir='ltr'>ipso</span> <span class='ocrx_word' id='word_1_86' title='bbox 1027 1232 1077 1295; x_wconf 91' lang='lat' dir='ltr'>illo</span> <span class='ocrx_word' id='word_1_87' title='bbox 1101 1233 1183 1314; x_wconf 90' lang='lat' dir='ltr'>quod</span> <span class='ocrx_word' id='word_1_88' title='bbox 1208 1239 1258 1294; x_wconf 90' lang='lat' dir='ltr'>est</span> <span class='ocrx_word' id='word_1_89' title='bbox 1281 1231 1338 1295; x_wconf 72' lang='grc' dir='ltr'>ονκ</span> <span class='ocrx_word' id='word_1_90' title='bbox 1352 1232 1421 1292; x_wconf 85' lang='grc' dir='ltr'><strong><em>αἰτι·</em></strong></span> 
     </span>
     <span class='ocr_line' id='line_1_12' title="bbox 224 1311 1422 1394; baseline -0.003 -17"><span class='ocrx_word' id='word_1_91' title='bbox 224 1312 303 1394; x_wconf 65' lang='grc' dir='ltr'>λέγω</span> <span class='ocrx_word' id='word_1_92' title='bbox 332 1313 383 1393; x_wconf 81' lang='lat' dir='ltr'>(cf.</span> <span class='ocrx_word' id='word_1_93' title='bbox 416 1314 507 1393; x_wconf 84' lang='lat' dir='ltr'>Diog.</span> <span class='ocrx_word' id='word_1_94' title='bbox 542 1314 647 1378; x_wconf 78' lang='lat' dir='ltr'>baert.</span> <span class='ocrx_word' id='word_1_95' title='bbox 671 1314 728 1390; x_wconf 89' lang='grc' dir='ltr'>ΙΙΙ,</span> <span class='ocrx_word' id='word_1_96' title='bbox 753 1319 799 1388; x_wconf 87' lang='grc'>16,</span> <span class='ocrx_word' id='word_1_97' title='bbox 830 1317 961 1379; x_wconf 83' lang='lat' dir='ltr'>Aristot.</span> <span class='ocrx_word' id='word_1_98' title='bbox 985 1313 1161 1394; x_wconf 81' lang='lat' dir='ltr'>Metaphys.</span> <span class='ocrx_word' id='word_1_99' title='bbox 1184 1313 1224 1377; x_wconf 95' lang='lat' dir='ltr'>lV</span> <span class='ocrx_word' id='word_1_100' title='bbox 1280 1332 1308 1393; x_wconf 84' lang='lat' dir='ltr'>g.</span> <span class='ocrx_word' id='word_1_101' title='bbox 1334 1311 1422 1389; x_wconf 75' lang='lat' dir='ltr'>rien)</span> 
     </span>
     <span class='ocr_line' id='line_1_13' title="bbox 223 1395 1421 1478; baseline -0.003 -19"><span class='ocrx_word' id='word_1_102' title='bbox 223 1397 324 1477; x_wconf 83' lang='lat' dir='ltr'>possit</span> <span class='ocrx_word' id='word_1_103' title='bbox 346 1396 459 1475; x_wconf 85' lang='lat' dir='ltr'>aliquis</span> <span class='ocrx_word' id='word_1_104' title='bbox 480 1397 676 1460; x_wconf 81' lang='lat' dir='ltr'>Antisthenis</span> <span class='ocrx_word' id='word_1_105' title='bbox 699 1397 878 1472; x_wconf 78' lang='lat' dir='ltr'>admoneri3</span> <span class='ocrx_word' id='word_1_106' title='bbox 902 1399 994 1478; x_wconf 87' lang='lat' dir='ltr'>plane</span> <span class='ocrx_word' id='word_1_107' title='bbox 1017 1407 1122 1460; x_wconf 88' lang='lat' dir='ltr'>autem</span> <span class='ocrx_word' id='word_1_108' title='bbox 1149 1397 1364 1460; x_wconf 74' lang='lat' dir='ltr'>Antisthenen</span> <span class='ocrx_word' id='word_1_109' title='bbox 1384 1395 1421 1457; x_wconf 90' lang='lat' dir='ltr'>de·</span> 
     </span>
     <span class='ocr_line' id='line_1_14' title="bbox 224 1467 1423 1560; baseline -0.003 -20"><span class='ocrx_word' id='word_1_110' title='bbox 224 1478 448 1559; x_wconf 79' lang='lat' dir='ltr'>prehendimus</span> <span class='ocrx_word' id='word_1_111' title='bbox 479 1480 509 1541; x_wconf 90' lang='lat' dir='ltr'>in</span> <span class='ocrx_word' id='word_1_112' title='bbox 534 1479 672 1559; x_wconf 87' lang='lat' dir='ltr'>eoquod</span> <span class='ocrx_word' id='word_1_113' title='bbox 695 1480 835 1560; x_wconf 89' lang='lat' dir='ltr'>sequitur</span> <span class='ocrx_word' id='word_1_114' title='bbox 867 1481 887 1558; x_wconf 94' lang='grc' dir='ltr'>Ι,</span> <span class='ocrx_word' id='word_1_115' title='bbox 909 1489 936 1557; x_wconf 80' lang='lat'>2,</span> <span class='ocrx_word' id='word_1_116' title='bbox 962 1487 1014 1544; x_wconf 82' lang='lat' dir='ltr'>te:</span> <span class='ocrx_word' id='word_1_117' title='bbox 1049 1475 1143 1551; x_wconf 82' lang='grc' dir='ltr'><strong><em>Ἴσως</em></strong></span> <span class='ocrx_word' id='word_1_118' title='bbox 1173 1467 1233 1540; x_wconf 72' lang='grc' dir='ltr'>οὖν</span> <span class='ocrx_word' id='word_1_119' title='bbox 1255 1478 1375 1541; x_wconf 78' lang='grc' dir='ltr'><strong><em>εἴποιεν</em></strong></span> <span class='ocrx_word' id='word_1_120' title='bbox 1392 1473 1423 1538; x_wconf 73' lang='grc' dir='ltr'>ἄν</span> 
     </span>
     <span class='ocr_line' id='line_1_15' title="bbox 225 1556 1424 1639; baseline -0.003 -17"><span class='ocrx_word' id='word_1_121' title='bbox 225 1560 350 1639; x_wconf 80' lang='grc' dir='ltr'><strong><em>πολλοὶ,</em></strong></span> <span class='ocrx_word' id='word_1_122' title='bbox 370 1556 430 1624; x_wconf 83' lang='grc' dir='ltr'><strong><em>ὅτι</em></strong></span> <span class='ocrx_word' id='word_1_123' title='bbox 446 1561 517 1626; x_wconf 71' lang='grc' dir='ltr'>οὐκ</span> <span class='ocrx_word' id='word_1_124' title='bbox 538 1557 590 1624; x_wconf 72' lang='lat' dir='ltr'>lio</span> <span class='ocrx_word' id='word_1_125' title='bbox 612 1584 717 1623; x_wconf 82' lang='grc' dir='ltr'><strong><em>ποτε</em></strong></span> <span class='ocrx_word' id='word_1_126' title='bbox 739 1560 939 1636; x_wconf 78' lang='grc' dir='ltr'><strong><em>ὅδίκαιος</em></strong></span> <span class='ocrx_word' id='word_1_127' title='bbox 959 1560 1100 1635; x_wconf 78' lang='grc' dir='ltr'><strong><em>ἄδικος</em></strong></span> <span class='ocrx_word' id='word_1_128' title='bbox 1121 1569 1292 1639; x_wconf 75' lang='grc' dir='ltr'><strong><em>γένοιτο</em></strong></span> <span class='ocrx_word' id='word_1_129' title='bbox 1313 1585 1340 1625; x_wconf 87' lang='grc' dir='ltr'>κ.</span> <span class='ocrx_word' id='word_1_130' title='bbox 1361 1583 1386 1624; x_wconf 88' lang='grc' dir='ltr'>τ.</span> <span class='ocrx_word' id='word_1_131' title='bbox 1403 1557 1424 1620; x_wconf 78' lang='lat' dir='ltr'>t.</span> 
     </span>
     <span class='ocr_line' id='line_1_16' title="bbox 225 1640 1425 1724; baseline 0 -19"><span class='ocrx_word' id='word_1_132' title='bbox 225 1644 286 1724; x_wconf 72' lang='grc' dir='ltr'>ἐγώ</span> <span class='ocrx_word' id='word_1_133' title='bbox 309 1643 347 1705; x_wconf 76' lang='grc' dir='ltr'>δὲ</span> <span class='ocrx_word' id='word_1_134' title='bbox 364 1643 439 1722; x_wconf 79' lang='grc' dir='ltr'><strong><em>περὶ</em></strong></span> <span class='ocrx_word' id='word_1_135' title='bbox 459 1642 582 1707; x_wconf 75' lang='grc' dir='ltr'><strong><em>τούτων</em></strong></span> <span class='ocrx_word' id='word_1_136' title='bbox 599 1645 658 1723; x_wconf 77' lang='grc' dir='ltr'>οιῖχ</span> <span class='ocrx_word' id='word_1_137' title='bbox 680 1640 764 1705; x_wconf 73' lang='grc' dir='ltr'><strong><em>οὕτω</em></strong></span> <span class='ocrx_word' id='word_1_138' title='bbox 780 1643 951 1724; x_wconf 78' lang='grc' dir='ltr'><strong><em>γιγνώσκω.</em></strong></span> <span class='ocrx_word' id='word_1_139' title='bbox 987 1646 1020 1708; x_wconf 87' lang='lat' dir='ltr'>ln</span> <span class='ocrx_word' id='word_1_140' title='bbox 1038 1643 1148 1724; x_wconf 83' lang='lat' dir='ltr'>qulbus</span> <span class='ocrx_word' id='word_1_141' title='bbox 1160 1642 1335 1723; x_wconf 86' lang='lat' dir='ltr'>Xenophon</span> <span class='ocrx_word' id='word_1_142' title='bbox 1355 1641 1425 1706; x_wconf 81' lang='lat' dir='ltr'>anti-</span> 
     </span>
     <span class='ocr_line' id='line_1_17' title="bbox 227 1723 1427 1807; baseline -0.003 -19"><span class='ocrx_word' id='word_1_143' title='bbox 227 1726 346 1788; x_wconf 90' lang='lat' dir='ltr'>sthenis</span> <span class='ocrx_word' id='word_1_144' title='bbox 366 1727 541 1788; x_wconf 89' lang='lat' dir='ltr'>sententiae</span> <span class='ocrx_word' id='word_1_145' title='bbox 570 1726 760 1788; x_wconf 80' lang='lat' dir='ltr'>contradixit</span> <span class='ocrx_word' id='word_1_146' title='bbox 783 1726 924 1805; x_wconf 86' lang='lat' dir='ltr'>prolatae</span> <span class='ocrx_word' id='word_1_147' title='bbox 953 1729 983 1789; x_wconf 90' lang='lat' dir='ltr'>in</span> <span class='ocrx_word' id='word_1_148' title='bbox 1008 1725 1156 1789; x_wconf 83' lang='lat' dir='ltr'>Hercule:</span> <span class='ocrx_word' id='word_1_149' title='bbox 1187 1727 1261 1807; x_wconf 68' lang='grc' dir='ltr'>τήν</span> <span class='ocrx_word' id='word_1_150' title='bbox 1290 1723 1427 1807; x_wconf 76' lang='grc' dir='ltr'><strong><em>α’ρετήν</em></strong></span> 
     </span>
     <span class='ocr_line' id='line_1_18' title="bbox 225 1805 1474 1889; baseline -0.002 -20"><span class='ocrx_word' id='word_1_151' title='bbox 225 1807 249 1869; x_wconf 84' lang='grc' dir='ltr'><strong><em>α’</em></strong></span> <span class='ocrx_word' id='word_1_152' title='bbox 258 1807 365 1870; x_wconf 88' lang='grc' dir='ltr'><strong><em>ναπό</em></strong></span> <span class='ocrx_word' id='word_1_153' title='bbox 378 1805 531 1889; x_wconf 77' lang='grc' dir='ltr'><strong><em>βλητον</em></strong></span> <span class='ocrx_word' id='word_1_154' title='bbox 558 1807 808 1886; x_wconf 61' lang='grc' dir='ltr'><strong><em>ὑπάρχεινῑ).</em></strong></span> <span class='ocrx_word' id='word_1_155' title='bbox 853 1807 934 1882; x_wconf 67' lang='lat' dir='ltr'>Ergo</span> <span class='ocrx_word' id='word_1_156' title='bbox 949 1808 1098 1873; x_wconf 89' lang='lat' dir='ltr'>Hercules</span> <span class='ocrx_word' id='word_1_157' title='bbox 1115 1807 1350 1872; x_wconf 79' lang='lat' dir='ltr'>Antisthenicus</span> <span class='ocrx_word' id='word_1_158' title='bbox 1373 1816 1424 1869; x_wconf 83' lang='lat' dir='ltr'>turn</span> <span class='ocrx_word' id='word_1_159' title='bbox 1472 1878 1474 1885; x_wconf 40' lang='lat'>,</span> 
     </span>
     <span class='ocr_line' id='line_1_19' title="bbox 225 1888 1474 1971; baseline -0.003 -19"><span class='ocrx_word' id='word_1_160' title='bbox 225 1891 287 1952; x_wconf 90' lang='lat' dir='ltr'>iam</span> <span class='ocrx_word' id='word_1_161' title='bbox 304 1891 334 1952; x_wconf 92' lang='lat' dir='ltr'>in</span> <span class='ocrx_word' id='word_1_162' title='bbox 353 1888 507 1968; x_wconf 91' lang='lat' dir='ltr'>publicum</span> <span class='ocrx_word' id='word_1_163' title='bbox 524 1890 695 1969; x_wconf 82' lang='lat' dir='ltr'>prodierat,</span> <span class='ocrx_word' id='word_1_164' title='bbox 713 1891 757 1952; x_wconf 88' lang='lat' dir='ltr'>ita</span> <span class='ocrx_word' id='word_1_165' title='bbox 772 1899 805 1952; x_wconf 94' lang='lat' dir='ltr'>ut</span> <span class='ocrx_word' id='word_1_166' title='bbox 817 1891 988 1971; x_wconf 85' lang='lat' dir='ltr'>Xenophon</span> <span class='ocrx_word' id='word_1_167' title='bbox 1009 1889 1174 1955; x_wconf 87' lang='lat' dir='ltr'>nonnullas</span> <span class='ocrx_word' id='word_1_168' title='bbox 1187 1890 1255 1953; x_wconf 88' lang='lat' dir='ltr'>eius</span> <span class='ocrx_word' id='word_1_169' title='bbox 1270 1890 1429 1952; x_wconf 87' lang='lat' dir='ltr'>sententias</span> <span class='ocrx_word' id='word_1_170' title='bbox 1472 1898 1474 1909; x_wconf 90' lang='grc'><em>·</em></span> 
     </span>
     <span class='ocr_line' id='line_1_20' title="bbox 228 1971 1431 2054; baseline -0.003 -19"><span class='ocrx_word' id='word_1_171' title='bbox 228 1972 292 2035; x_wconf 89' lang='lat' dir='ltr'>acri</span> <span class='ocrx_word' id='word_1_172' title='bbox 323 1971 396 2034; x_wconf 89' lang='lat' dir='ltr'>stilo</span> <span class='ocrx_word' id='word_1_173' title='bbox 427 1979 623 2051; x_wconf 85' lang='lat' dir='ltr'>pertractare</span> <span class='ocrx_word' id='word_1_174' title='bbox 644 1982 762 2052; x_wconf 76' lang='lat' dir='ltr'>posset,</span> <span class='ocrx_word' id='word_1_175' title='bbox 808 1971 892 2051; x_wconf 86' lang='lat' dir='ltr'>Ergo</span> <span class='ocrx_word' id='word_1_176' title='bbox 922 1981 1046 2054; x_wconf 87' lang='lat' dir='ltr'>tempus</span> <span class='ocrx_word' id='word_1_177' title='bbox 1075 1990 1137 2053; x_wconf 90' lang='lat' dir='ltr'>quo</span> <span class='ocrx_word' id='word_1_178' title='bbox 1167 1973 1332 2052; x_wconf 85' lang='lat' dir='ltr'>scripserit</span> <span class='ocrx_word' id='word_1_179' title='bbox 1355 1971 1431 2034; x_wconf 85' lang='lat' dir='ltr'>Anti·</span> 
     </span>
     <span class='ocr_line' id='line_1_21' title="bbox 226 2053 1432 2132; baseline -0.002 -16"><span class='ocrx_word' id='word_1_180' title='bbox 226 2053 353 2117; x_wconf 88' lang='lat' dir='ltr'>sthenes</span> <span class='ocrx_word' id='word_1_181' title='bbox 377 2054 557 2129; x_wconf 86' lang='lat' dir='ltr'>Herculem,</span> <span class='ocrx_word' id='word_1_182' title='bbox 584 2057 667 2119; x_wconf 87' lang='lat' dir='ltr'>circa</span> <span class='ocrx_word' id='word_1_183' title='bbox 696 2074 725 2117; x_wconf 87' lang='lat' dir='ltr'>a.</span> <span class='ocrx_word' id='word_1_184' title='bbox 749 2060 807 2118; x_wconf 82' lang='grc'>394</span> <span class='ocrx_word' id='word_1_185' title='bbox 840 2055 969 2118; x_wconf 85' lang='lat' dir='ltr'>definire</span> <span class='ocrx_word' id='word_1_186' title='bbox 994 2058 1072 2118; x_wconf 90' lang='lat' dir='ltr'>lieet.</span> <span class='ocrx_word' id='word_1_187' title='bbox 1117 2054 1284 2132; x_wconf 87' lang='lat' dir='ltr'>Designari</span> <span class='ocrx_word' id='word_1_188' title='bbox 1313 2055 1432 2117; x_wconf 87' lang='lat' dir='ltr'>eunden</span> 
     </span>
     <span class='ocr_line' id='line_1_22' title="bbox 228 2134 1434 2219; baseline -0.002 -21"><span class='ocrx_word' id='word_1_189' title='bbox 228 2134 422 2199; x_wconf 78' lang='lat' dir='ltr'>Antisthenis</span> <span class='ocrx_word' id='word_1_190' title='bbox 455 2136 611 2214; x_wconf 84' lang='lat' dir='ltr'>dialogum</span> <span class='ocrx_word' id='word_1_191' title='bbox 645 2140 675 2199; x_wconf 89' lang='lat' dir='ltr'>ie</span> <span class='ocrx_word' id='word_1_192' title='bbox 708 2138 996 2219; x_wconf 85' lang='lat' dir='ltr'>Xenophontis</span> <span class='ocrx_word' id='word_1_193' title='bbox 1031 2137 1277 2218; x_wconf 74' lang='lat' dir='ltr'>Cynegetici</span> <span class='ocrx_word' id='word_1_194' title='bbox 1311 2154 1357 2216; x_wconf 87' lang='lat' dir='ltr'>ep.</span> <span class='ocrx_word' id='word_1_195' title='bbox 1387 2134 1434 2199; x_wconf 93' lang='lat' dir='ltr'>Xll</span> 
     </span>
     <span class='ocr_line' id='line_1_23' title="bbox 226 2216 1434 2298; baseline -0.003 -18"><span class='ocrx_word' id='word_1_196' title='bbox 226 2237 326 2298; x_wconf 87' lang='lat' dir='ltr'>nuper·</span> <span class='ocrx_word' id='word_1_197' title='bbox 338 2236 394 2281; x_wconf 89' lang='lat' dir='ltr'>suo</span> <span class='ocrx_word' id='word_1_198' title='bbox 407 2219 473 2282; x_wconf 88' lang='lat' dir='ltr'>iure</span> <span class='ocrx_word' id='word_1_199' title='bbox 487 2219 647 2282; x_wconf 89' lang='lat' dir='ltr'>contendit</span> <span class='ocrx_word' id='word_1_200' title='bbox 659 2218 816 2282; x_wconf 86' lang='lat' dir='ltr'>llaihelius</span> <span class='ocrx_word' id='word_1_201' title='bbox 827 2222 851 2296; x_wconf 60' lang='grc' dir='ltr'>Ι)</span> <span class='ocrx_word' id='word_1_202' title='bbox 872 2224 900 2281; x_wconf 91' lang='lat' dir='ltr'>in</span> <span class='ocrx_word' id='word_1_203' title='bbox 917 2220 1051 2283; x_wconf 87' lang='lat' dir='ltr'>Hermae</span> <span class='ocrx_word' id='word_1_204' title='bbox 1068 2228 1139 2281; x_wconf 91' lang='lat' dir='ltr'>tom.</span> <span class='ocrx_word' id='word_1_205' title='bbox 1154 2216 1240 2281; x_wconf 86' lang='lat' dir='ltr'>XXV</span> <span class='ocrx_word' id='word_1_206' title='bbox 1264 2237 1312 2297; x_wconf 70' lang='lat' dir='ltr'>pe.</span> <span class='ocrx_word' id='word_1_207' title='bbox 1330 2222 1383 2281; x_wconf 72' lang='lat'>581</span> <span class='ocrx_word' id='word_1_208' title='bbox 1396 2236 1434 2296; x_wconf 84' lang='lat' dir='ltr'>sq.</span> 
     </span>
     <span class='ocr_line' id='line_1_24' title="bbox 227 2302 1435 2382; baseline -0.003 -19"><span class='ocrx_word' id='word_1_209' title='bbox 227 2302 312 2377; x_wconf 86' lang='lat' dir='ltr'>Quae</span> <span class='ocrx_word' id='word_1_210' title='bbox 335 2302 361 2364; x_wconf 90' lang='lat' dir='ltr'>si</span> <span class='ocrx_word' id='word_1_211' title='bbox 382 2302 623 2382; x_wconf 68' lang='lat' dir='ltr'>consideramus</span> <span class='ocrx_word' id='word_1_212' title='bbox 647 2321 753 2364; x_wconf 88' lang='lat' dir='ltr'>omnes</span> <span class='ocrx_word' id='word_1_213' title='bbox 776 2302 929 2366; x_wconf 86' lang='lat' dir='ltr'>tolluntur</span> <span class='ocrx_word' id='word_1_214' title='bbox 950 2304 1110 2382; x_wconf 89' lang='lat' dir='ltr'>opiniones</span> <span class='ocrx_word' id='word_1_215' title='bbox 1129 2319 1246 2372; x_wconf 84' lang='lat' dir='ltr'>eorum,</span> <span class='ocrx_word' id='word_1_216' title='bbox 1270 2306 1322 2380; x_wconf 90' lang='lat' dir='ltr'>qui</span> <span class='ocrx_word' id='word_1_217' title='bbox 1343 2303 1435 2364; x_wconf 81' lang='lat' dir='ltr'>Xeim-</span> 
     </span>
     <span class='ocr_line' id='line_1_25' title="bbox 226 2383 1437 2465; baseline -0.001 -19"><span class='ocrx_word' id='word_1_218' title='bbox 226 2383 374 2465; x_wconf 86' lang='lat' dir='ltr'>phontem</span> <span class='ocrx_word' id='word_1_219' title='bbox 406 2386 626 2464; x_wconf 87' lang='lat' dir='ltr'>conscripsisse</span> <span class='ocrx_word' id='word_1_220' title='bbox 649 2385 866 2464; x_wconf 83' lang='lat' dir='ltr'>Cynegeticum</span> <span class='ocrx_word' id='word_1_221' title='bbox 889 2394 1034 2461; x_wconf 89' lang='lat' dir='ltr'>censent,</span> <span class='ocrx_word' id='word_1_222' title='bbox 1063 2398 1234 2461; x_wconf 76' lang='lat' dir='ltr'>autequam</span> <span class='ocrx_word' id='word_1_223' title='bbox 1265 2384 1304 2444; x_wconf 86' lang='lat' dir='ltr'>ad</span> <span class='ocrx_word' id='word_1_224' title='bbox 1331 2383 1437 2459; x_wconf 83' lang='lat' dir='ltr'>Cyrum</span> 
     </span>
     <span class='ocr_line' id='line_1_26' title="bbox 227 2464 1438 2546; baseline 0 -20"><span class='ocrx_word' id='word_1_225' title='bbox 227 2464 488 2545; x_wconf 82' lang='lat' dir='ltr'>proficisceretur.</span> <span class='ocrx_word' id='word_1_226' title='bbox 540 2467 627 2529; x_wconf 87' lang='lat' dir='ltr'>Licet</span> <span class='ocrx_word' id='word_1_227' title='bbox 659 2467 738 2529; x_wconf 89' lang='lat' dir='ltr'>enim</span> <span class='ocrx_word' id='word_1_228' title='bbox 773 2468 953 2546; x_wconf 90' lang='lat' dir='ltr'>opusculum</span> <span class='ocrx_word' id='word_1_229' title='bbox 988 2467 1063 2530; x_wconf 92' lang='lat' dir='ltr'>illud</span> <span class='ocrx_word' id='word_1_230' title='bbox 1097 2469 1178 2528; x_wconf 85' lang='lat' dir='ltr'>inter·</span> <span class='ocrx_word' id='word_1_231' title='bbox 1209 2465 1308 2542; x_wconf 89' lang='lat' dir='ltr'>prima</span> <span class='ocrx_word' id='word_1_232' title='bbox 1343 2464 1438 2529; x_wconf 90' lang='lat' dir='ltr'>Xeno·</span> 
     </span>
     <span class='ocr_line' id='line_1_27' title="bbox 227 2547 1441 2628; baseline -0.001 -19"><span class='ocrx_word' id='word_1_233' title='bbox 227 2547 352 2624; x_wconf 87' lang='lat' dir='ltr'>phontis</span> <span class='ocrx_word' id='word_1_234' title='bbox 375 2549 535 2611; x_wconf 85' lang='lat' dir='ltr'>conamina</span> <span class='ocrx_word' id='word_1_235' title='bbox 556 2566 664 2628; x_wconf 86' lang='lat' dir='ltr'>ponas,</span> <span class='ocrx_word' id='word_1_236' title='bbox 688 2555 790 2610; x_wconf 89' lang='lat' dir='ltr'>tamen</span> <span class='ocrx_word' id='word_1_237' title='bbox 813 2551 864 2611; x_wconf 88' lang='lat' dir='ltr'>vix</span> <span class='ocrx_word' id='word_1_238' title='bbox 885 2557 982 2612; x_wconf 87' lang='lat' dir='ltr'>ante</span> <span class='ocrx_word' id='word_1_239' title='bbox 1004 2568 1030 2611; x_wconf 89' lang='lat' dir='ltr'>a.</span> <span class='ocrx_word' id='word_1_240' title='bbox 1052 2552 1128 2612; x_wconf 58' lang='lat'>590</span> <span class='ocrx_word' id='word_1_241' title='bbox 1151 2551 1310 2608; x_wconf 83' lang='lat' dir='ltr'>conditum</span> <span class='ocrx_word' id='word_1_242' title='bbox 1333 2565 1402 2610; x_wconf 85' lang='lat' dir='ltr'>esse</span> <span class='ocrx_word' id='word_1_243' title='bbox 1425 2565 1441 2608; x_wconf 89' lang='lat' dir='ltr'>a</span> 
     </span>
     <span class='ocr_line' id='line_1_28' title="bbox 227 2628 1441 2711; baseline 0.002 -23"><span class='ocrx_word' id='word_1_244' title='bbox 227 2629 437 2710; x_wconf 85' lang='lat' dir='ltr'>Xenophonte</span> <span class='ocrx_word' id='word_1_245' title='bbox 467 2637 630 2709; x_wconf 87' lang='lat' dir='ltr'>procerte</span> <span class='ocrx_word' id='word_1_246' title='bbox 659 2628 838 2694; x_wconf 86' lang='lat' dir='ltr'>affirmabis.</span> <span class='ocrx_word' id='word_1_247' title='bbox 890 2631 970 2695; x_wconf 92' lang='lat' dir='ltr'>Tum</span> <span class='ocrx_word' id='word_1_248' title='bbox 991 2651 1089 2711; x_wconf 76' lang='lat' dir='ltr'>lineae</span> <span class='ocrx_word' id='word_1_249' title='bbox 1111 2631 1323 2709; x_wconf 64' lang='lat' dir='ltr'>quadraginta</span> <span class='ocrx_word' id='word_1_250' title='bbox 1347 2647 1441 2692; x_wconf 86' lang='lat' dir='ltr'>annos</span> 
     </span>
    </p>
   </div>
   <div class='ocr_carea' id='block_1_4' title="bbox 228 2711 1442 2873">
    <p class='ocr_par' dir='ltr' id='par_1_4' title="bbox 228 2711 1442 2873">
     <span class='ocr_line' id='line_1_29' title="bbox 228 2711 1442 2871; baseline -0.001 -98"><span class='ocrx_word' id='word_1_251' title='bbox 228 2718 437 2871; x_wconf 57' lang='grc' dir='ltr'><strong><em>ρὸρρεῃιῗιιι</em></strong></span> <span class='ocrx_word' id='word_1_252' title='bbox 461 2713 564 2775; x_wconf 89' lang='lat' dir='ltr'>dicere</span> <span class='ocrx_word' id='word_1_253' title='bbox 586 2714 690 2796; x_wconf 88' lang='lat' dir='ltr'>potuit</span> <span class='ocrx_word' id='word_1_254' title='bbox 711 2713 744 2790; x_wconf 93' lang='lat' dir='ltr'>Il,</span> <span class='ocrx_word' id='word_1_255' title='bbox 767 2714 806 2775; x_wconf 84' lang='lat' dir='ltr'>le</span> <span class='ocrx_word' id='word_1_256' title='bbox 828 2717 979 2794; x_wconf 84' lang='grc' dir='ltr'><strong><em>παραινῶ</em></strong></span> <span class='ocrx_word' id='word_1_257' title='bbox 1000 2718 1067 2787; x_wconf 85' lang='grc' dir='ltr'><strong><em>τοϊς</em></strong></span> <span class='ocrx_word' id='word_1_258' title='bbox 1098 2719 1177 2783; x_wconf 78' lang='grc' dir='ltr'><strong><em>νέοις</em></strong></span> <span class='ocrx_word' id='word_1_259' title='bbox 1208 2711 1257 2792; x_wconf 83' lang='lat' dir='ltr'>(cl.</span> <span class='ocrx_word' id='word_1_260' title='bbox 1280 2720 1442 2791; x_wconf 81' lang='lat' dir='ltr'>praeterea</span> 
     </span>
     <span class='ocr_line' id='line_1_30' title="bbox 302 2843 389 2873; baseline 0 -17"><span class='ocrx_word' id='word_1_261' title='bbox 302 2845 309 2873; x_wconf 97' lang='lat'>,</span> <span class='ocrx_word' id='word_1_262' title='bbox 383 2843 389 2856; x_wconf 92' lang='lat'><em>.</em></span> 
     </span>
    </p>
   </div>
   <div class='ocr_carea' id='block_1_5' title="bbox 227 2922 1444 3749">
    <p class='ocr_par' dir='ltr' id='par_1_5' title="bbox 227 2922 1444 3749">
     <span class='ocr_line' id='line_1_31' title="bbox 311 2922 1444 3006; baseline -0.001 -19"><span class='ocrx_word' id='word_1_263' title='bbox 311 2923 473 3000; x_wconf 77' lang='lat' dir='ltr'>Quatenus</span> <span class='ocrx_word' id='word_1_264' title='bbox 506 2925 536 2987; x_wconf 90' lang='lat' dir='ltr'>in</span> <span class='ocrx_word' id='word_1_265' title='bbox 572 2924 967 2989; x_wconf 79' lang='lat' dir='ltr'>Commentariorum</span> <span class='ocrx_word' id='word_1_266' title='bbox 1007 2932 1126 3006; x_wconf 92' lang='lat' dir='ltr'>parte</span> <span class='ocrx_word' id='word_1_267' title='bbox 1167 2922 1353 2989; x_wconf 87' lang='lat' dir='ltr'>secunda</span> <span class='ocrx_word' id='word_1_268' title='bbox 1390 2923 1444 2986; x_wconf 90' lang='lat' dir='ltr'>ad-</span> 
     </span>
     <span class='ocr_line' id='line_1_32' title="bbox 228 3002 1444 3088; baseline 0.001 -21"><span class='ocrx_word' id='word_1_269' title='bbox 228 3002 364 3070; x_wconf 89' lang='lat' dir='ltr'>hihuerit</span> <span class='ocrx_word' id='word_1_270' title='bbox 382 3007 553 3088; x_wconf 86' lang='lat' dir='ltr'>Xenophon</span> <span class='ocrx_word' id='word_1_271' title='bbox 587 3009 780 3071; x_wconf 82' lang='lat' dir='ltr'>Antisthenis</span> <span class='ocrx_word' id='word_1_272' title='bbox 816 3008 930 3086; x_wconf 88' lang='lat' dir='ltr'>libros,</span> <span class='ocrx_word' id='word_1_273' title='bbox 964 3010 993 3071; x_wconf 92' lang='lat' dir='ltr'>in</span> <span class='ocrx_word' id='word_1_274' title='bbox 1024 3023 1171 3088; x_wconf 86' lang='lat' dir='ltr'>praesens</span> <span class='ocrx_word' id='word_1_275' title='bbox 1205 3026 1266 3071; x_wconf 91' lang='lat' dir='ltr'>non</span> <span class='ocrx_word' id='word_1_276' title='bbox 1300 3006 1444 3084; x_wconf 87' lang='lat' dir='ltr'>diiudico,</span> 
     </span>
     <span class='ocr_line' id='line_1_33' title="bbox 228 3090 1444 3170; baseline -0.002 -18"><span class='ocrx_word' id='word_1_277' title='bbox 228 3107 297 3153; x_wconf 90' lang='lat' dir='ltr'>cum</span> <span class='ocrx_word' id='word_1_278' title='bbox 324 3091 537 3153; x_wconf 79' lang='lat' dir='ltr'>antisthenem</span> <span class='ocrx_word' id='word_1_279' title='bbox 562 3091 703 3170; x_wconf 88' lang='lat' dir='ltr'>plurimis</span> <span class='ocrx_word' id='word_1_280' title='bbox 733 3091 763 3152; x_wconf 91' lang='lat' dir='ltr'>in</span> <span class='ocrx_word' id='word_1_281' title='bbox 787 3090 879 3152; x_wconf 91' lang='lat' dir='ltr'>rebus</span> <span class='ocrx_word' id='word_1_282' title='bbox 911 3109 972 3152; x_wconf 91' lang='lat' dir='ltr'>uon</span> <span class='ocrx_word' id='word_1_283' title='bbox 996 3090 1195 3167; x_wconf 87' lang='lat' dir='ltr'>refutaverit,</span> <span class='ocrx_word' id='word_1_284' title='bbox 1234 3091 1286 3152; x_wconf 88' lang='lat' dir='ltr'>sed</span> <span class='ocrx_word' id='word_1_285' title='bbox 1318 3096 1444 3152; x_wconf 87' lang='lat' dir='ltr'>secutus</span> 
     </span>
     <span class='ocr_line' id='line_1_34' title="bbox 229 3172 1444 3252; baseline -0.001 -19"><span class='ocrx_word' id='word_1_286' title='bbox 229 3174 278 3235; x_wconf 88' lang='lat' dir='ltr'>sit.</span> <span class='ocrx_word' id='word_1_287' title='bbox 347 3172 415 3235; x_wconf 94' lang='lat' dir='ltr'>Uno</span> <span class='ocrx_word' id='word_1_288' title='bbox 468 3173 660 3235; x_wconf 89' lang='lat' dir='ltr'>solummodo</span> <span class='ocrx_word' id='word_1_289' title='bbox 717 3172 782 3234; x_wconf 93' lang='lat' dir='ltr'>loco</span> <span class='ocrx_word' id='word_1_290' title='bbox 840 3174 1056 3235; x_wconf 71' lang='lat' dir='ltr'>antisthenem</span> <span class='ocrx_word' id='word_1_291' title='bbox 1110 3174 1270 3252; x_wconf 88' lang='lat' dir='ltr'>increpare</span> <span class='ocrx_word' id='word_1_292' title='bbox 1321 3172 1444 3233; x_wconf 91' lang='lat' dir='ltr'>videtur</span> 
     </span>
     <span class='ocr_line' id='line_1_35' title="bbox 228 3254 1443 3334; baseline -0.003 -17"><span class='ocrx_word' id='word_1_293' title='bbox 228 3254 409 3331; x_wconf 87' lang='lat' dir='ltr'>Xenophon.</span> <span class='ocrx_word' id='word_1_294' title='bbox 453 3255 608 3332; x_wconf 85' lang='lat' dir='ltr'>Scriptum</span> <span class='ocrx_word' id='word_1_295' title='bbox 643 3255 723 3317; x_wconf 92' lang='lat' dir='ltr'>enim</span> <span class='ocrx_word' id='word_1_296' title='bbox 759 3263 807 3316; x_wconf 83' lang='lat' dir='ltr'>est</span> <span class='ocrx_word' id='word_1_297' title='bbox 836 3255 917 3333; x_wconf 88' lang='lat' dir='ltr'>apud</span> <span class='ocrx_word' id='word_1_298' title='bbox 951 3254 1184 3334; x_wconf 90' lang='lat' dir='ltr'>Xenophontem</span> <span class='ocrx_word' id='word_1_299' title='bbox 1217 3260 1247 3316; x_wconf 93' lang='lat' dir='ltr'>in</span> <span class='ocrx_word' id='word_1_300' title='bbox 1272 3254 1443 3318; x_wconf 81' lang='lat' dir='ltr'>Commeat.</span> 
     </span>
     <span class='ocr_line' id='line_1_36' title="bbox 227 3333 1444 3418; baseline -0.004 -20"><span class='ocrx_word' id='word_1_301' title='bbox 227 3336 249 3412; x_wconf 91' lang='grc' dir='ltr'>Ι,</span> <span class='ocrx_word' id='word_1_302' title='bbox 270 3343 298 3411; x_wconf 84' lang='grc'>4,</span> <span class='ocrx_word' id='word_1_303' title='bbox 319 3343 350 3398; x_wconf 92' lang='lat' dir='ltr'>l:</span> <span class='ocrx_word' id='word_1_304' title='bbox 395 3334 424 3396; x_wconf 84' lang='grc' dir='ltr'>εἰ</span> <span class='ocrx_word' id='word_1_305' title='bbox 447 3336 487 3398; x_wconf 82' lang='grc' dir='ltr'>δι’</span> <span class='ocrx_word' id='word_1_306' title='bbox 505 3358 590 3407; x_wconf 77' lang='grc' dir='ltr'><strong><em>τινες</em></strong></span> <span class='ocrx_word' id='word_1_307' title='bbox 613 3333 789 3417; x_wconf 79' lang='grc' dir='ltr'><strong><em>Σωκράτην</em></strong></span> <span class='ocrx_word' id='word_1_308' title='bbox 811 3339 1013 3417; x_wconf 78' lang='grc' dir='ltr'><strong><em>νομίζουσιν,</em></strong></span> <span class='ocrx_word' id='word_1_309' title='bbox 1047 3337 1087 3408; x_wconf 75' lang='grc' dir='ltr'>ω“ς</span> <span class='ocrx_word' id='word_1_310' title='bbox 1108 3339 1185 3398; x_wconf 82' lang='grc' dir='ltr'><strong><em>ἔνιοι</em></strong></span> <span class='ocrx_word' id='word_1_311' title='bbox 1213 3333 1383 3418; x_wconf 79' lang='grc' dir='ltr'><strong><em>γράφουσί</em></strong></span> <span class='ocrx_word' id='word_1_312' title='bbox 1411 3355 1444 3395; x_wconf 85' lang='grc' dir='ltr'>τε</span> 
     </span>
     <span class='ocr_line' id='line_1_37' title="bbox 228 3416 1444 3505; baseline 0.002 -31"><span class='ocrx_word' id='word_1_313' title='bbox 228 3418 282 3479; x_wconf 84' lang='grc' dir='ltr'><strong><em>καὶ</em></strong></span> <span class='ocrx_word' id='word_1_314' title='bbox 301 3418 428 3499; x_wconf 75' lang='grc' dir='ltr'><strong><em>λέγονσι</em></strong></span> <span class='ocrx_word' id='word_1_315' title='bbox 451 3418 526 3496; x_wconf 80' lang='grc' dir='ltr'><strong><em>περὶ</em></strong></span> <span class='ocrx_word' id='word_1_316' title='bbox 549 3419 653 3482; x_wconf 78' lang='grc' dir='ltr'><strong><em>αὐτοῦ</em></strong></span> <span class='ocrx_word' id='word_1_317' title='bbox 673 3419 930 3501; x_wconf 79' lang='grc' dir='ltr'><strong><em>τεκμαιρόμενοι,</em></strong></span> <span class='ocrx_word' id='word_1_318' title='bbox 954 3424 1217 3505; x_wconf 68' lang='grc' dir='ltr'><strong><em>προτρέψασθαι</em></strong></span> <span class='ocrx_word' id='word_1_319' title='bbox 1233 3424 1297 3498; x_wconf 80' lang='grc' dir='ltr'>μὲν</span> <span class='ocrx_word' id='word_1_320' title='bbox 1315 3416 1444 3497; x_wconf 72' lang='grc' dir='ltr'><strong><em>α’νθρώ-</em></strong></span> 
     </span>
     <span class='ocr_line' id='line_1_38' title="bbox 229 3499 1443 3584; baseline -0.002 -23"><span class='ocrx_word' id='word_1_321' title='bbox 229 3523 310 3573; x_wconf 91' lang='grc' dir='ltr'><strong><em>πονς</em></strong></span> <span class='ocrx_word' id='word_1_322' title='bbox 340 3500 393 3562; x_wconf 78' lang='grc' dir='ltr'>ἐπ’</span> <span class='ocrx_word' id='word_1_323' title='bbox 421 3501 542 3583; x_wconf 74' lang='grc' dir='ltr'><strong><em>αἱρετήν</em></strong></span> <span class='ocrx_word' id='word_1_324' title='bbox 561 3499 736 3580; x_wconf 90' lang='grc' dir='ltr'><strong><em>κράτιστον</em></strong></span> <span class='ocrx_word' id='word_1_325' title='bbox 764 3511 942 3584; x_wconf 78' lang='grc' dir='ltr'><strong><em>γιγονέναι,</em></strong></span> <span class='ocrx_word' id='word_1_326' title='bbox 972 3506 1169 3582; x_wconf 80' lang='grc' dir='ltr'><strong><em>προαγαγεῖν</em></strong></span> <span class='ocrx_word' id='word_1_327' title='bbox 1200 3503 1228 3562; x_wconf 84' lang='grc' dir='ltr'>δ”</span> <span class='ocrx_word' id='word_1_328' title='bbox 1259 3501 1312 3562; x_wconf 76' lang='grc' dir='ltr'>ἐπ’</span> <span class='ocrx_word' id='word_1_329' title='bbox 1343 3499 1443 3582; x_wconf 78' lang='grc' dir='ltr'><strong><em>αιῗτήν</em></strong></span> 
     </span>
     <span class='ocr_line' id='line_1_39' title="bbox 227 3580 1441 3665; baseline -0.002 -18"><span class='ocrx_word' id='word_1_330' title='bbox 227 3582 288 3663; x_wconf 69' lang='lat' dir='ltr'>nex</span> <span class='ocrx_word' id='word_1_331' title='bbox 311 3580 425 3646; x_wconf 84' lang='grc' dir='ltr'><strong><em>ἱκανόν</em></strong></span> <span class='ocrx_word' id='word_1_332' title='bbox 447 3584 525 3662; x_wconf 71' lang='lat' dir='ltr'>acl,</span> <span class='ocrx_word' id='word_1_333' title='bbox 548 3585 722 3664; x_wconf 86' lang='lat' dir='ltr'>Xenophon</span> <span class='ocrx_word' id='word_1_334' title='bbox 748 3604 854 3648; x_wconf 88' lang='lat' dir='ltr'>eorum</span> <span class='ocrx_word' id='word_1_335' title='bbox 878 3585 1062 3665; x_wconf 87' lang='lat' dir='ltr'>opinionem,</span> <span class='ocrx_word' id='word_1_336' title='bbox 1085 3587 1137 3663; x_wconf 89' lang='lat' dir='ltr'>qui</span> <span class='ocrx_word' id='word_1_337' title='bbox 1157 3586 1320 3647; x_wconf 83' lang='lat' dir='ltr'>Socratem</span> <span class='ocrx_word' id='word_1_338' title='bbox 1343 3590 1380 3646; x_wconf 91' lang='lat' dir='ltr'>ut</span> <span class='ocrx_word' id='word_1_339' title='bbox 1398 3583 1441 3644; x_wconf 81' lang='lat' dir='ltr'>ita</span> 
     </span>
     <span class='ocr_line' id='line_1_40' title="bbox 231 3664 1441 3749; baseline 0 -22"><span class='ocrx_word' id='word_1_340' title='bbox 231 3665 342 3745; x_wconf 87' lang='lat' dir='ltr'>dicam,</span> <span class='ocrx_word' id='word_1_341' title='bbox 364 3664 544 3729; x_wconf 88' lang='lat' dir='ltr'>elencticum</span> <span class='ocrx_word' id='word_1_342' title='bbox 564 3673 685 3731; x_wconf 89' lang='lat' dir='ltr'>tantum</span> <span class='ocrx_word' id='word_1_343' title='bbox 704 3667 892 3749; x_wconf 83' lang='lat' dir='ltr'>depingant,</span> <span class='ocrx_word' id='word_1_344' title='bbox 915 3686 976 3730; x_wconf 92' lang='lat' dir='ltr'>non</span> <span class='ocrx_word' id='word_1_345' title='bbox 999 3667 1092 3747; x_wconf 89' lang='lat' dir='ltr'>plane</span> <span class='ocrx_word' id='word_1_346' title='bbox 1115 3666 1234 3746; x_wconf 87' lang='lat' dir='ltr'>falsam,</span> <span class='ocrx_word' id='word_1_347' title='bbox 1258 3665 1314 3729; x_wconf 89' lang='lat' dir='ltr'>sed</span> <span class='ocrx_word' id='word_1_348' title='bbox 1335 3680 1441 3746; x_wconf 85' lang='lat' dir='ltr'>parum</span> 
     </span>
    </p>
   </div>
   <div class='ocr_carea' id='block_1_6' title="bbox 228 3859 1444 4415">
    <p class='ocr_par' dir='ltr' id='par_1_6' title="bbox 228 3859 1444 4415">
     <span class='ocr_line' id='line_1_41' title="bbox 302 3859 1442 3940; baseline 0.001 -29"><span class='ocrx_word' id='word_1_349' title='bbox 302 3860 326 3926; x_wconf 87' lang='lat' dir='ltr'>l)</span> <span class='ocrx_word' id='word_1_350' title='bbox 353 3859 402 3913; x_wconf 93' lang='grc' dir='ltr'>ΙΙΙο</span> <span class='ocrx_word' id='word_1_351' title='bbox 418 3861 528 3940; x_wconf 39' lang='grc' dir='ltr'><strong><em>,πολιοὶ</em></strong></span> <span class='ocrx_word' id='word_1_352' title='bbox 548 3859 602 3913; x_wconf 78' lang='grc' dir='ltr'><strong><em>τοῖν</em></strong></span> <span class='ocrx_word' id='word_1_353' title='bbox 621 3864 784 3928; x_wconf 85' lang='grc' dir='ltr'><strong><em>φασκόντων</em></strong></span> <span class='ocrx_word' id='word_1_354' title='bbox 811 3865 975 3930; x_wconf 80' lang='grc' dir='ltr'><strong><em>φιλοσοφεῖν</em></strong></span> <span class='ocrx_word' id='word_1_355' title='bbox 1001 3865 1112 3932; x_wconf 82' lang='lat' dir='ltr'>praeter</span> <span class='ocrx_word' id='word_1_356' title='bbox 1139 3861 1259 3915; x_wconf 85' lang='lat' dir='ltr'>Antisth.</span> <span class='ocrx_word' id='word_1_357' title='bbox 1278 3861 1442 3930; x_wconf 72' lang='lat' dir='ltr'>Protagoras</span> 
     </span>
     <span class='ocr_line' id='line_1_42' title="bbox 228 3928 1284 4001; baseline 0.002 -20"><span class='ocrx_word' id='word_1_358' title='bbox 228 3945 337 3998; x_wconf 90' lang='lat' dir='ltr'>quoque</span> <span class='ocrx_word' id='word_1_359' title='bbox 354 3928 501 3999; x_wconf 82' lang='lat' dir='ltr'>significari</span> <span class='ocrx_word' id='word_1_360' title='bbox 519 3934 618 3999; x_wconf 85' lang='lat' dir='ltr'>potest.</span> <span class='ocrx_word' id='word_1_361' title='bbox 656 3932 689 3984; x_wconf 87' lang='lat' dir='ltr'>ef.</span> <span class='ocrx_word' id='word_1_362' title='bbox 708 3933 865 3986; x_wconf 88' lang='lat' dir='ltr'>Duemmler</span> <span class='ocrx_word' id='word_1_363' title='bbox 884 3933 967 3985; x_wconf 80' lang='lat' dir='ltr'>Aeed.</span> <span class='ocrx_word' id='word_1_364' title='bbox 982 3951 1028 4001; x_wconf 87' lang='lat' dir='ltr'>pg.</span> <span class='ocrx_word' id='word_1_365' title='bbox 1050 3932 1108 3984; x_wconf 82' lang='lat'><strong>199.</strong></span> <span class='ocrx_word' id='word_1_366' title='bbox 1281 3987 1284 3994; x_wconf 61' lang='grc'>,</span> 
     </span>
     <span class='ocr_line' id='line_1_43' title="bbox 242 3996 1443 4124; baseline -0.001 -74"><span class='ocrx_word' id='word_1_367' title='bbox 242 4068 259 4120; x_wconf 76' lang='lat' dir='ltr'>h</span> <span class='ocrx_word' id='word_1_368' title='bbox 298 3999 708 4121; x_wconf 42' lang='grc' dir='ltr'><strong><em>ἸρΙξρρωιιὶφξὸοοωίοοΙιιιὲσι</em></strong></span> <span class='ocrx_word' id='word_1_369' title='bbox 726 4001 844 4123; x_wconf 63' lang='grc' dir='ltr'><strong><em>ριοιιιΙΙΙΙι</em></strong></span> <span class='ocrx_word' id='word_1_370' title='bbox 862 4001 896 4056; x_wconf 90' lang='lat' dir='ltr'>de</span> <span class='ocrx_word' id='word_1_371' title='bbox 916 3996 1443 4124; x_wconf 38' lang='lat' dir='ltr'>{lg‘ffgemsspssssderffiwsspssisphmm&#39;</span> 
     </span>
     <span class='ocr_line' id='line_1_44' title="bbox 228 4068 1444 4217; baseline -0.001 -30"><span class='ocrx_word' id='word_1_372' title='bbox 228 4085 496 4215; x_wconf 52' lang='lat' dir='ltr'>{etintendit</span> <span class='ocrx_word' id='word_1_373' title='bbox 514 4068 668 4217; x_wconf 55' lang='lat' dir='ltr'>„theth</span> <span class='ocrx_word' id='word_1_374' title='bbox 682 4075 910 4209; x_wconf 63' lang='lat' dir='ltr'>titlttttt’t·</span> <span class='ocrx_word' id='word_1_375' title='bbox 926 4086 1065 4193; x_wconf 63' lang='grc' dir='ltr'><strong><em>ιιιιέἓὲι</em></strong></span> <span class='ocrx_word' id='word_1_376' title='bbox 1082 4087 1129 4190; x_wconf 62' lang='lat' dir='ltr'>tt</span> <span class='ocrx_word' id='word_1_377' title='bbox 1144 4084 1302 4190; x_wconf 55' lang='lat' dir='ltr'>{tentasti</span> <span class='ocrx_word' id='word_1_378' title='bbox 1316 4082 1444 4214; x_wconf 64' lang='lat' dir='ltr'>etth</span> 
     </span>
     <span class='ocr_line' id='line_1_45' title="bbox 228 4205 1443 4275; baseline -0.001 -18"><span class='ocrx_word' id='word_1_379' title='bbox 228 4209 264 4258; x_wconf 82' lang='lat' dir='ltr'>rst</span> <span class='ocrx_word' id='word_1_380' title='bbox 283 4207 525 4275; x_wconf 84' lang='lat' dir='ltr'>untergeschohen,</span> <span class='ocrx_word' id='word_1_381' title='bbox 544 4207 609 4260; x_wconf 88' lang='lat' dir='ltr'>oder</span> <span class='ocrx_word' id='word_1_382' title='bbox 622 4224 682 4262; x_wconf 90' lang='lat' dir='ltr'>eme</span> <span class='ocrx_word' id='word_1_383' title='bbox 699 4209 882 4275; x_wconf 81' lang='lat' dir='ltr'>Jugendschri</span> <span class='ocrx_word' id='word_1_384' title='bbox 896 4214 908 4263; x_wconf 87' lang='lat' dir='ltr'>t</span> <span class='ocrx_word' id='word_1_385' title='bbox 921 4208 986 4270; x_wconf 79' lang='lat' dir='ltr'>X«,</span> <span class='ocrx_word' id='word_1_386' title='bbox 1006 4208 1034 4260; x_wconf 91' lang='lat' dir='ltr'>id</span> <span class='ocrx_word' id='word_1_387' title='bbox 1053 4207 1125 4275; x_wconf 93' lang='lat' dir='ltr'>quod</span> <span class='ocrx_word' id='word_1_388' title='bbox 1139 4205 1256 4260; x_wconf 87' lang='lat' dir='ltr'>secundo</span> <span class='ocrx_word' id='word_1_389' title='bbox 1270 4206 1329 4259; x_wconf 87' lang='lat' dir='ltr'>loco</span> <span class='ocrx_word' id='word_1_390' title='bbox 1345 4205 1443 4274; x_wconf 84' lang='lat' dir='ltr'>posurt,</span> 
     </span>
     <span class='ocr_line' id='line_1_46' title="bbox 229 4271 1443 4346; baseline -0.001 -20"><span class='ocrx_word' id='word_1_391' title='bbox 229 4274 346 4329; x_wconf 85' lang='lat' dir='ltr'>libenter</span> <span class='ocrx_word' id='word_1_392' title='bbox 372 4277 467 4346; x_wconf 88' lang='lat' dir='ltr'>probo.</span> <span class='ocrx_word' id='word_1_393' title='bbox 523 4275 655 4330; x_wconf 83' lang='lat' dir='ltr'>Dissentit</span> <span class='ocrx_word' id='word_1_394' title='bbox 687 4295 704 4331; x_wconf 81' lang='lat' dir='ltr'>a</span> <span class='ocrx_word' id='word_1_395' title='bbox 730 4277 856 4332; x_wconf 83' lang='lat' dir='ltr'>Kaibelio</span> <span class='ocrx_word' id='word_1_396' title='bbox 885 4278 1073 4331; x_wconf 85' lang='lat' dir='ltr'>Duemmlerus</span> <span class='ocrx_word' id='word_1_397' title='bbox 1101 4275 1130 4328; x_wconf 91' lang='lat' dir='ltr'>in</span> <span class='ocrx_word' id='word_1_398' title='bbox 1158 4273 1295 4343; x_wconf 80' lang='lat' dir='ltr'>Philologi</span> <span class='ocrx_word' id='word_1_399' title='bbox 1321 4276 1389 4328; x_wconf 82' lang='lat' dir='ltr'>tom.</span> <span class='ocrx_word' id='word_1_400' title='bbox 1414 4271 1443 4340; x_wconf 81' lang='lat' dir='ltr'>t,</span> 
     </span>
     <span class='ocr_line' id='line_1_47' title="bbox 228 4344 1199 4415; baseline 0.001 -19"><span class='ocrx_word' id='word_1_401' title='bbox 228 4363 274 4415; x_wconf 83' lang='lat' dir='ltr'>pg.</span> <span class='ocrx_word' id='word_1_402' title='bbox 295 4345 346 4398; x_wconf 84' lang='lat'>228</span> <span class='ocrx_word' id='word_1_403' title='bbox 364 4363 411 4414; x_wconf 79' lang='lat' dir='ltr'>sq,</span> <span class='ocrx_word' id='word_1_404' title='bbox 430 4346 477 4400; x_wconf 90' lang='lat' dir='ltr'>sed</span> <span class='ocrx_word' id='word_1_405' title='bbox 496 4362 528 4399; x_wconf 88' lang='lat' dir='ltr'>ea</span> <span class='ocrx_word' id='word_1_406' title='bbox 547 4344 675 4399; x_wconf 84' lang='lat' dir='ltr'>dissensio</span> <span class='ocrx_word' id='word_1_407' title='bbox 694 4346 836 4402; x_wconf 81' lang='lat' dir='ltr'>nostruin</span> <span class='ocrx_word' id='word_1_408' title='bbox 854 4347 1032 4415; x_wconf 84' lang='lat' dir='ltr'>inquisitione</span> <span class='ocrx_word' id='word_1_409' title='bbox 1050 4345 1090 4399; x_wconf 91' lang='lat' dir='ltr'>nil</span> <span class='ocrx_word' id='word_1_410' title='bbox 1109 4347 1199 4400; x_wconf 87' lang='lat' dir='ltr'>refert.</span> 
     </span>
    </p>
   </div>
   <div class='ocr_carea' id='block_1_7' title="bbox 0 0 1493 4980">
    <p class='ocr_par' dir='ltr' id='par_1_7' title="bbox 0 0 1493 4980">
     <span class='ocr_line' id='line_1_48' title="bbox 0 0 1493 4980; baseline 0 0"><span class='ocrx_word' id='word_1_411' title='bbox 0 0 1493 4980; x_wconf 95' lang='lat' dir='ltr'> </span> 
     </span>
    </p>
   </div>
  </div>
 </body>
</html>
