2964 4980
806 391 846 455 54

298 566 539 647 Dispositionem
563 567 713 630 materiae
735 566 764 628 in
780 565 930 642 Euagora
951 565 1083 629 eandem
1105 581 1174 628 esse
1198 569 1294 646 atque
1316 567 1348 630 in
1362 567 1435 647 Cyri

217 649 412 713 institutione
435 649 583 729 probavit
604 648 765 712 Kaibelios
791 647 842 725 (cf.
865 646 978 729 Cyrop.
1000 648 1020 724 l,
1046 653 1070 727 1,
1091 651 1109 708 6
1132 655 1164 710 ot
1185 646 1275 710 lsocr.
1298 649 1434 729 Euagon.

217 729 235 811 ξ
262 733 313 806 12,
337 733 374 793 22
397 730 479 811 etc).
538 729 704 795 Notandus
726 736 776 793 est
807 730 857 793 hic
889 748 1012 810 quoque
1041 729 1128 793 locus
1156 730 1294 809 Euagon.
1328 731 1345 812 ξ
1377 738 1435 795 37:

217 816 323 891 Κῦρον
355 813 414 875 τόν
435 811 565 895 Μήδων
593 811 803 895 ἀφελόμενον
828 811 888 896 τὴν
915 812 1037 896 οἷρχήν,
1074 818 1217 890 Πέρσαις
1248 813 1285 875 δὲ
1314 814 1436 896 κτησά-

219 917 327 974 μενον,
349 894 403 956 καὶ
427 894 577 958 πλεῖστοι
597 896 651 957 καὶ
670 893 815 976 μάλιστα
833 891 1072 973 θαυμάζουσιν.
1114 893 1183 970 Quo
1205 914 1242 958 ex
1260 895 1326 959 loeo
1349 906 1435 961 cente

219 976 425 1040 conclusimus
445 976 662 1056 Xenophontis
676 977 900 1058 Cynopaediam
917 977 1039 1039 iamiam
1064 976 1093 1039 in
1109 977 1263 1057 publicum
1285 980 1434 1058 prodisse.

220 1058 330 1123 Habeo
355 1078 428 1122 vero
450 1077 510 1139 quo
532 1060 727 1123 corroborem
751 1059 939 1122 sententiam
962 1077 1070 1122 meam.

301 1182 456 1261 Scriptum
480 1181 616 1244 videmus
641 1181 672 1244 in
695 1180 842 1244 Isocratis
868 1180 976 1259 Euag:

350 1299 462 1352 lsocrat.
482 1298 567 1366 Euag.
588 1300 603 1366 ξ
623 1298 664 1351 38.
978 1298 1048 1350 Xen.
1069 1297 1167 1367 Cyrop.
1188 1297 1209 1360 1,
1229 1299 1252 1358 2,
1274 1297 1296 1350 i.

253 1380 341 1438 ἔπειτ’
359 1381 391 1437 ἐκ
408 1383 463 1456 μὲν
485 1383 533 1454 τῆς
554 1385 675 1457 Κύρου
689 1402 804 1455 στρατη-
887 1423 960 1436 .....
980 1377 1049 1435 (fore
1074 1385 1163 1435 πάντα
1188 1381 1242 1454 μὲν
1259 1380 1348 1434 πόνον
1369 1380 1433 1435 α’να-

219 1455 284 1521 γίας
312 1450 388 1506 cino>
414 1452 511 1524 δῆλον,
548 1448 602 1504 ὅτι
634 1454 693 1504 καὶ
721 1447 804 1510 τοὺς
852 1450 958 1522 τλῆναι,
979 1449 1095 1504 πάντα
1114 1451 1338 1505 δὲκίνδννον
1359 1447 1435 1504 dno·

220 1518 417 1593 Εὸαγόροο
442 1518 640 1580 κινδύνους
665 1517 706 1573 ἂν
725 1516 803 1573 rins-
851 1527 982 1591 μεῖναι
1002 1520 1051 1573 τοῦ
1069 1517 1250 1574 ἐπαινεῖσθαι
1265 1519 1348 1573 ἕνεκα
1369 1521 1435 1588 (scil.

220 1611 360 1662 μεινεν.
397 1591 496 1644 Nonne
523 1590 597 1645 hisne
615 1589 750 1645 alluditur
767 1589 803 1644 ed
853 1585 901 1641 τὸν
922 1588 1039 1660 Κῦρον).

220 1662 319 1728 Cyrop.
340 1659 360 1724 Ι,
380 1661 403 1723 2,
424 1660 463 1712 1‘?
1323 1700 1325 1705 .

303 1754 447 1817 Ceterum
467 1753 573 1816 multis
604 1754 634 1815 in
658 1752 822 1816 sententiis
852 1750 1067 1831 Xenophontis
1090 1751 1285 1833 Cynopaedia
1312 1759 1344 1815 et
1369 1752 1432 1816 Iso·

220 1837 314 1900 cretis
337 1836 497 1916 Euagoreis
519 1835 601 1898 inter
624 1853 657 1897 se
681 1841 865 1914 congruunt.

345 1936 475 2036 Isocrat.
499 1933 595 2013 Euag.
620 1937 668 1996 22.
903 1935 982 1998 Xen.
1006 1932 1117 2014 Cyrop.
1182 1935 1257 2013 1,2,
1283 1940 1310 1997 1.

406 2045 423 2071 ’
530 2021 662 2162 :liz
935 2045 951 2156 Ξ
1058 2016 1206 2179 ‚tlh
1230 2019 1350 2179 tn

181 2411 184 2416 ,
301 2342 404 2407 Facile
431 2341 650 2404 similitudines
680 2342 787 2419 augeri
810 2346 927 2421 queunt
948 2346 1045 2422 atque
1068 2341 1267 2421 amplificari,
1296 2343 1326 2406 id
1361 2364 1434 2408 vero

221 2423 432 2486 contenderim
463 2424 592 2487 Isocrati
626 2424 655 2485 in
680 2424 825 2502 Euagora
848 2423 1066 2487 conscribendo
1095 2426 1156 2486 iam
1188 2440 1315 2504 praesto
1338 2425 1434 2491 luisse

220 2505 434 2584 Xenophontis
458 2504 530 2585 Cyri
553 2506 792 2586 institutionem,
818 2505 888 2568 licet
910 2524 1016 2569 rursus
1037 2505 1223 2586 Xenophon,
1257 2506 1330 2570 dum
1355 2512 1434 2588 Age-

221 2587 333 2650 silaum
355 2588 472 2667 condit,
496 2586 592 2649 multa
617 2605 655 2648 ex
676 2588 814 2651 Isocrate
837 2588 984 2650 hauserit.

303 2718 338 2780 ln
361 2717 455 2781 tertia
477 2734 597 2797 quoque
619 2717 810 2795 orationum,
832 2735 910 2798 quae
934 2724 1094 2800 vocantur,
1115 2717 1329 2784 Nicoclearom
1353 2721 1434 2783 ratio

222 2800 404 2863 intercessit
420 2799 502 2862 inter
522 2799 757 2879 Xenophontem
779 2808 812 2864 et
833 2802 1011 2865 Isocratem.
1093 2826 1100 2837 ·

273 2919 277 2927 ⁴
302 2899 347 2962 lle
368 2899 564 2963 Isocratis
584 2894 763 2963 Nicoclis
786 2905 925 2979 tempore
947 2898 1089 2964 conferas
1112 2898 1266 2962 Blossium
1287 2918 1338 2978 pg.
1356 2905 1433 2978 2753

219 2999 282 3062 quo
306 2982 383 3046 duce
402 2999 484 3044 anno
506 2985 564 3045 369
588 2981 635 3045 vel
651 2983 744 3062 paulo
767 2991 837 3063 post
859 2983 1008 3066 scriptam
1031 3000 1098 3046 esse
1121 2981 1296 3044 orationem
1319 2984 1432 3046 statui-

221 3083 298 3127 mus.
341 3065 405 3154 lam
430 3081 589 3144 compares
610 3081 744 3143 quaeso:

343 3181 472 3243 isocrat.
498 3180 613 3243 Nicocl.
637 3181 686 3243 23.
915 3181 991 3244 Xen.
1015 3181 1127 3261 Cyrop.
1150 3179 1229 3258 Vlll,
1252 3185 1279 3256 7,
1302 3185 1329 3242 7.

413 3288 429 3314 »
558 3288 574 3314 »
639 3265 687 3323 37.
943 3285 958 3319 a
1063 3286 1078 3320 a
1163 3261 1227 3341 Vll,
1250 3268 1278 3341 5,
1301 3266 1351 3325 86.

304 3383 421 3447 Deinde
446 3382 655 3447 memorabilis
678 3388 760 3447 certo
782 3390 831 3446 est
852 3383 902 3447 hic
924 3383 1056 3447 Nicoclis
1078 3383 1180 3448 locus:
1213 3402 1313 3446 sermo
1336 3383 1373 3448 fit
1397 3384 1435 3446 de

220 3465 388 3528 liberorum
418 3465 601 3530 educatione
630 3467 659 3528 in
682 3465 800 3529 Nicocl.
823 3467 841 3548 ᾗ
865 3470 985 3529 57-59
1017 3466 1069 3529 ubi
1099 3465 1183 3545 quod
1205 3465 1346 3547 postolat
1368 3466 1434 3529 Nic.

219 3549 304 3623 §5st
329 3556 531 3627 προτρέπετε
551 3548 626 3621 τούς
647 3557 818 3628 νεωτέρους
838 3548 890 3610 ἐπ’
912 3547 1032 3629 operio
1050 3549 1094 3631 μή
1116 3545 1220 3629 μόνον
1237 3552 1435 3627 παραινοῦν-

217 3653 278 3705 οες,
300 3628 384 3692 ἄλλοὶ
406 3630 460 3692 καὶ
483 3631 558 3708 περὶ
575 3632 633 3703 τοὶς
656 3628 791 3708 πράξεις
813 3626 1086 3703 α’ποδεικνύοντες
1107 3630 1222 3703 autore
1243 3627 1329 3703 οἵους
1350 3621 1435 3692 εἶναι

218 3710 278 3791 χρὴ
307 3711 383 3783 τούς
414 3709 537 3791 ἄνδρας
559 3711 716 3793 ἀγαθούς,
746 3713 775 3773 id
800 3719 932 3774 mentem
957 3715 1129 3776 resuscitat
1151 3712 1192 3775 od
1215 3711 1434 3791 Xenophontis

221 3791 590 3873 Comment.lV,5‚lsq.
619 3795 684 3857 sive
705 3794 744 3856 ad
776 3792 914 3857 libellum
937 3793 1040 3873 illum,
1072 3813 1162 3874 quem
1185 3794 1261 3872 περὶ
1284 3795 1436 3866 παιδείας

220 3874 360 3938 diximus.
404 3875 501 3950 simol
526 3875 720 3940 Antisthenis
733 3875 756 3958 ¹)
779 3894 904 3957 quoque
927 3876 1126 3940 admonemur
1147 3877 1216 3940 loco
1238 3877 1309 3940 hoc:

292 4054 317 4121 1)
337 4054 493 4124 Complures
503 4055 629 4109 Isocratis
651 4056 723 4109 locos
740 4057 854 4127 scriptos
872 4074 928 4111 esse
941 4060 1037 4112 contra
1046 4057 1238 4111 Antisthenen]
1257 4058 1331 4110 recte
1349 4055 1437 4109 anim·

220 4123 340 4176 advertit
355 4123 518 4190 Reinhardt‚
537 4125 571 4178 de
589 4125 714 4178 lsocrutis
732 4125 846 4179 aemulis
863 4127 1031 4196 pgut-ts
1050 4127 1095 4180 sed
1115 4127 1142 4178 id
1161 4142 1216 4179 non
1236 4123 1353 4193 impedit
1371 4140 1437 4192 quo-

223 4191 312 4244 minus
330 4191 358 4243 in
379 4192 458 4246 rebus
474 4193 613 4246 nonnullis
632 4194 763 4247 leocrates
781 4195 971 4249 Antisthenem
999 4198 1139 4263 sequatnr;
1165 4195 1287 4249 conferas
1307 4193 1436 4247 Duemm·

221 4262 308 4315 lerum
331 4260 360 4313 in
386 4261 505 4314 Antisth.
530 4280 584 4330 pg.
611 4263 652 4330 65,
681 4262 729 4330 qui
755 4264 833 4317 Isocr.
861 4265 927 4330 §45
953 4267 982 4318 et
998 4265 1032 4318 46
1051 4281 1083 4317 ex
1109 4265 1174 4317 Ant.
1199 4262 1369 4333 Protreptico
1392 4261 1435 4315 de

219 4332 343 4398 sumptas
360 4346 425 4408 'esso
450 4330 573 4384 coniecit.
618 4331 747 4385 Conferas
771 4348 853 4402 porro
883 4333 963 4387 Isocr.
988 4332 1090 4387 Nicocl.
1121 4335 1137 4402 ἕ
1163 4333 1196 4387 16
1220 4334 1250 4386 et
1275 4334 1339 4386 Ant.
1364 4328 1438 4400 apud

219 4398 309 4452 Laert.
330 4398 413 4467 Diog.
432 4399 476 4464 Vl,
494 4400 519 4453 5.
