2964 4980
717 300 757 360 38

130 477 237 556 patra,
271 471 426 536 rationem
459 472 526 559 ipse
559 473 680 551 detegit
712 474 883 555 Xenophon
919 477 949 537 in
973 469 1067 536 Conv.
1101 471 1150 545 tv,
1166 475 1217 534 62.
1272 472 1351 535 Item

130 555 270 623 definitio
301 553 353 618 illa
385 561 533 620 accurata
562 556 725 621 testatoris
756 556 788 636 (δ
816 555 958 638 α’λαζύν)
991 557 1020 617 in
1052 555 1163 633 Cyrop.
1194 555 1226 631 ll,
1252 556 1282 634 h,
1318 560 1352 616 12

131 636 316 719 Cynicorum
338 653 396 700 nos
417 636 574 716 admonet,
596 638 633 702 cf.
656 639 746 703 Dion.
771 639 879 718 Chrys.
904 658 949 704 or.
972 637 1026 700 LV
1050 641 1110 700 284
1129 638 1161 698 lt.
1178 639 1210 712 ¹).

212 736 246 800 ln
269 734 486 814 Xenophontis
508 735 658 802 Convivis
688 738 778 816 (VIII,
801 741 853 813 30)
885 736 1078 818 Ganymedis
1110 752 1221 797 nornen
1254 733 1352 814 expli-

131 823 221 882 catur
242 834 330 880 more
351 834 480 898 prorsus
502 819 731 883 Antisthenico.
774 820 893 884 Nomen
913 816 1110 901 Γανυμήδης
1136 817 1293 880 scinditur
1321 818 1350 879 in

132 899 213 965 duas
234 905 359 981 partes,
386 916 520 979 quarum
550 903 635 982 prior
665 903 824 966 derivatur
853 921 870 965 e
895 901 988 966 verbo
1011 901 1176 964 Homerico
1199 898 1352 978 γάνυμαι,

131 982 266 1046 alterae
283 981 433 1046 vocabulo
455 983 568 1069 μῆδος,
590 985 769 1057 consilium3
793 982 936 1065 γάνυμαι
956 991 1061 1047 autem
1083 983 1163 1045 idem
1187 989 1234 1044 est
1258 989 1351 1062 atque

131 1061 261 1144 δύομαι,
283 1065 370 1128 cnius
386 1064 471 1128 verbi
495 1083 563 1129 cnm
587 1066 741 1129 adiectivo
764 1064 845 1146 ἡδύς
860 1066 997 1130 affinitas
1015 1083 1072 1146 pro
1089 1070 1174 1127 certo
1197 1063 1351 1143 habetur3

131 1146 236 1230 μῆδος
249 1164 324 1211 vocs
338 1145 506 1227 βούλευμα
522 1148 703 1228 explicatur.
747 1149 941 1232 Γανυμήδης
958 1167 1032 1228 ergo
1045 1147 1072 1210 is
1089 1154 1147 1226 est,
1169 1147 1222 1225 qui
1247 1146 1350 1208 dulcia

132 1230 198 1294 sive
218 1227 462 1309 pulchrahabet
484 1231 610 1294 consilia
634 1235 666 1293 et
686 1231 852 1294 vertendus
874 1241 923 1293 est
945 1248 1085 1293 sermone
1108 1228 1220 1291 saeculi
1246 1231 1350 1310 quarti

131 1308 337 1420 ηδνγνύμων.
381 1311 569 1387 Quibuscum
592 1329 753 1391 compares
774 1313 996 1393 etymologias,
1029 1329 1110 1395 quas
1132 1309 1237 1374 illudit
1260 1310 1351 1373 Plato

132 1395 165 1458 in
187 1393 350 1473 bratylo²i
373 1395 433 1456 397
450 1393 495 1456 D:
528 1394 598 1456 oe'rrd
621 1392 741 1477 ταύτης
763 1399 818 1475 τῆς
841 1394 970 1476 φύσεως
991 1398 1047 1476 τῆς
1069 1394 1129 1456 τοῦ
1150 1396 1228 1455 δεῖν
1250 1393 1351 1465 θεούς

132 1473 343 1558 ἐπονομάσαι
365 1478 556 1558 (φαίνονταί
575 1479 642 1558 μοι)
666 1482 699 1541 et
717 1476 836 1556 Uratyli
851 1483 911 1541 409
925 1478 965 1541 A:
989 1478 1069 1540 sicut
1093 1475 1173 1548 θεὸς
1199 1476 1272 1538 α’πδ
1294 1478 1353 1539 aori

130 1562 219 1638 δεῖν,
240 1555 337 1645 ἥλιος,
358 1557 462 1622 dorice
482 1554 571 1632 ἅλιος
593 1559 663 1622 α’πύ
686 1562 746 1622 τού
765 1558 895 1636 ἁλίζειν.

217 1656 413 1721 Antisthenis
429 1657 532 1721 studia
551 1657 753 1733 Homerica⁸i
776 1659 806 1721 in
828 1677 955 1739 operum
977 1657 1078 1721 indice
1093 1655 1176 1736 apud
1190 1657 1350 1721 Leontium

132 1739 304 1818 Diogenem
327 1745 426 1802 tomos
447 1738 514 1802 Vlll
536 1746 568 1802 ct
588 1741 633 1805 lX
666 1740 796 1818 implent
819 1741 1078 1820 dialogorumque
1101 1738 1250 1817 reliquias
1272 1759 1351 1819 quae

135 1822 297 1888 extantia
320 1819 445 1885 scholiis
470 1822 627 1885 veteribus
651 1823 729 1885 satis
752 1821 860 1902 largas
882 1823 1006 1903 collegit
1022 1820 1299 1885 Winchelmannus
1321 1826 1350 1886 in

133 1903 272 1970 Antisth.
296 1903 387 1982 frgrn.
409 1921 461 1983 pg.
484 1907 616 1969 24-28.

215 1987 284 2065 Qua
307 1986 338 2048 in
362 1986 555 2049 Antisthenis
579 1987 839 2067 interpretatione
863 1986 977 2066 duplex
996 1984 1136 2049 studium
1160 1987 1352 2064 agnoscitur,

132 2074 165 2132 et
188 2076 224 2133 ut
254 2067 401 2131 defendat
423 2068 592 2131 maximum
623 2080 764 2149 poetam,
796 2068 946 2132 Graeciae
969 2068 1132 2131 universae
1155 2067 1351 2149 magistrum,

134 2157 245 2215 contra
267 2149 515 2213 obtrectatorum
531 2150 745 2229 Xenophanis,
767 2150 926 2230 Heracliti,
949 2149 1085 2214 sortasse
1100 2151 1196 2212 etiam
1213 2149 1352 2214 Platonis

134 2231 302 2314 opprobria
335 2238 367 2294 et
400 2239 435 2295 ut
458 2237 567 2296 testem
589 2233 742 2313 producat
764 2231 1057 2312 locupletissimum,
1088 2233 1141 2311 qui
1164 2231 1351 2311 Cynicorum

132 2314 356 2397 philosophiam
379 2312 550 2379 confirmet.
594 2314 718 2386 Ulixes,
753 2314 827 2395 quid
857 2315 956 2378 virtus
988 2323 1022 2377 et
1053 2314 1208 2393 sapientia
1241 2317 1351 2394 possit,

133 2399 208 2462 utile
230 2396 405 2477 exemplar,
442 2397 471 2459 in
507 2397 624 2462 deliciis
657 2398 716 2461 hait
738 2396 917 2460 Antistheni
951 2414 1027 2477 prae
1062 2397 1174 2459 ceteris
1205 2397 1352 2460 heroibus

133 2479 317 2544 Homericis.
370 2478 406 2542 ld
429 2480 606 2559 approbant
630 2480 826 2544 Antisthenis
856 2479 895 2543 de
921 2479 1011 2543 Ulixe
1043 2479 1162 2557 scripta
1193 2476 1354 2567 (Κύκλωψ

131 2559 156 2667 η’
175 2560 250 2642 περὶ
272 2561 469 2639 Ὀδυσσέως,
491 2562 566 2641 περὶ
588 2565 647 2624 τοῦ
667 2562 846 2633 Ὀδυσσέως
865 2562 921 2623 καὶ
944 2557 1155 2644 Πηνελόπης,
1176 2559 1355 2634 Ὀδυσσεύς

133 2669 154 2730 η
174 2643 355 2716 Ὀδυσσέως
377 2639 492 2723 λόγος).

218 2742 284 2807 Iam
300 2760 372 2805 vero
395 2743 426 2805 in
442 2739 652 2822 praedicando
666 2739 756 2804 Ulixe
776 2740 949 2821 Xenophon
962 2741 1177 2804 Antisthenem
1195 2741 1354 2823 sequitnr3

136 2824 167 2888 in
177 2823 294 2891 Uomm.
302 2824 326 2904 1,
336 2826 391 2901 3,7
404 2825 486 2886 onim
498 2823 538 2886 ab
550 2822 815 2887 incantationibus
827 2821 934 2886 Circae
945 2823 1023 2887 liber
1031 2822 1140 2886 Ulixes
1150 2831 1355 2898 memoratur,

136 2906 237 2971 bonus
254 2913 363 2970 orator
374 2907 400 2986 ⁴)
412 2906 592 2986 depingitur
603 2905 634 2967 in
647 2905 818 2969 Commeat.
833 2907 881 2982 tv,
894 2911 922 2983 6,
936 2908 971 2968 15
990 2904 1038 2986 (cf.
1052 2906 1141 2968 Hom.
1152 2903 1264 2984 Odyss.
1278 2906 1355 2983 Vlll,

138 2989 219 3072 171).
256 2989 376 3053 Invidia
395 2989 461 3052 eins
483 2990 564 3067 perit
577 2987 755 3051 Palamedes
773 2989 803 3050 in
820 2988 933 3051 Comm.
948 2989 996 3066 lV,
1009 2992 1036 3067 2,
1051 2989 1089 3052 33
1100 2985 1134 3068 ⁵).
1168 2987 1357 3050 Palamedes

136 3071 177 3135 ab
199 3071 266 3135 eius
289 3071 460 3151 sapientiae
479 3071 623 3150 partibus
642 3075 723 3145 stat,
746 3088 840 3149 quam
863 3069 1039 3150 improbant
1063 3068 1183 3150 Cynici3
1208 3076 1257 3132 est
1273 3071 1355 3134 enim

137 3160 248 3225 auctor
266 3152 429 3235 ἐγκυκλίου
449 3153 530 3216 illius
553 3152 706 3223 παιδείας
719 3148 744 3231 θ)
767 3170 859 3231 quam
889 3151 1072 3216 Antisthene
1104 3151 1182 3214 duce
1213 3151 1357 3232 depingit

208 3345 234 3413 1)
254 3344 369 3399 Dionem
388 3344 612 3411 Ghrysosbomum
634 3343 664 3396 in
687 3344 827 3398 nonnullis
852 3344 1022 3399 orationibus
1047 3363 1126 3398 nsum
1150 3362 1206 3399 esse
1231 3346 1358 3401 fontibus

139 3413 246 3481 Cynicis
265 3413 373 3484 egregie
392 3411 523 3466 Ernestns
541 3412 643 3467 Weber
661 3413 815 3484 (Leipziger
834 3414 947 3468 Studien
965 3415 1031 3483 tx,
1046 3433 1093 3483 pg.
1104 3415 1136 3468 79
1147 3415 1197 3483 sq.)
1216 3416 1357 3484 probavit.

209 3499 236 3568 2)
256 3499 358 3554 Contra
379 3497 571 3552 Antisthenem
589 3498 776 3569 conscripsisse
795 3500 938 3554 Platonem
954 3500 1097 3567 Uratylum
1116 3501 1217 3568 probat
1229 3501 1358 3555 Duemm·

137 3567 217 3632 ierus,
236 3567 346 3623 exercit.
363 3570 512 3638 grammat.
523 3569 639 3638 specim.
658 3587 705 3638 pg.
723 3569 835 3621 51—61.

209 3653 235 3719 3)
254 3655 292 3708 De
309 3653 430 3707 Antisth.
450 3652 521 3705 siud.
540 3652 689 3707 Homericis
708 3653 742 3706 ef.
762 3653 927 3706 Dnemmleri
948 3653 1068 3706 Antisth.
1087 3671 1133 3723 pg.
1154 3653 1194 3705 16.

206 3738 234 3804 4)
254 3737 306 3808 ἔφη
331 3736 361 3789 δι’
380 3738 427 3789 καὶ
447 3732 567 3808 Ὅμηρον
586 3737 622 3809 τῷ
640 3734 758 3790 Ὀδυσσεῖ
785 3734 938 3789 ἄναθεϊναι
959 3734 988 3789 τὸ
1009 3736 1117 3806 ἀσφαλῆ
1144 3735 1247 3809 ῥήτορα
1274 3735 1358 3802 εἶναι,

139 3797 177 3864 οἷς
193 3802 292 3858 ἱκανὸν
310 3801 396 3858 αὖτὸν
415 3802 481 3857 ὅντα
501 3803 547 3857 διὰ
567 3805 620 3858 τοῖν
634 3804 791 3858 δοκούντων
807 3813 864 3865 τοῖς
883 3802 1046 3878 εἷνδριύποις
1067 3803 1150 3874 ι’ίγειν
1170 3803 1233 3865 τοὺς
1249 3809 1358 3876 λόγους,

140 3888 258 3942 quocum
277 3892 416 3960 compares
435 3875 500 3927 Ant.
519 3875 598 3945 frgm.
618 3875 701 3943 apud.
719 3875 763 3928 W.
783 3876 824 3938 65,
843 3877 891 3927 49:
928 3875 1100 3944 Ἀντισθένης
1125 3872 1279 3945 ἐρωτηθεὶς
1305 3873 1359 3930 διιύ

141 3961 218 4003 τινος
236 3947 263 3996 τί
281 3942 387 4001 διδαξει
408 3939 456 3996 τὸν
475 3940 551 4006 διόν,
577 3940 669 4006 εἶπεν,
696 3943 721 3995 εἰ
739 3942 793 4014 μὲν
820 3950 899 4003 θεοῖς
926 3944 1021 4016 μέλλει
1040 3945 1175 4014 συμβιοῦν
1194 3943 1358 4013 φιλόσοφον,

141 4011 215 4066 εἰδὲ
234 4008 395 4084 ἀνθρώποις
410 4012 521 4086 ῥήτορα.
549 4012 660 4066 otiosi
679 4031 725 4082 pg.
745 4013 803 4067 354.

211 4100 237 4164 5)
262 4098 287 4152 A
312 4097 425 4153 crimine
445 4098 597 4152 Palamedis
621 4098 694 4151 necis
722 4099 831 4152 Ulixem
859 4097 996 4152 vindicare
1023 4097 1130 4150 videtur
1148 4099 1306 4166 Xenophon
1330 4099 1359 4152 in

141 4166 241 4221 Venat.
261 4168 340 4230 I‚ll;
359 4170 433 4220 certe
451 4167 497 4220 hic
516 4169 551 4219 X.
569 4183 626 4220 rem
647 4166 682 4220 ad
701 4185 779 4220 sunm
799 4170 903 4220 tractat
922 4167 1076 4234 arbitrium,
1095 4184 1155 4219 oum
1175 4165 1204 4219 in
1223 4167 1358 4222 Memora-

142 4235 242 4289 bilibus
261 4235 363 4289 arctius
381 4234 415 4288 ad
435 4236 627 4290 Antisthenem
648 4253 703 4289 sese
722 4237 864 4304 adiungat.

212 4322 240 4390 6)
260 4320 348 4376 Lucri.
367 4321 446 4391 Diog.
467 4322 513 4385 VI,
534 4323 596 4376 103:
632 4321 836 4394 παραιτοῦνται
855 4320 885 4374 δι’
904 4317 1003 4374 καὶτὰ
1024 4319 1156 4391 ἐγκύκλια
1173 4318 1341 4394 μαθήματα.
