2964 4980
719 1269 742 1332 1.

243 1397 290 1460 lle
316 1395 544 1476 Xenophontis
573 1396 712 1478 scriptis
739 1395 978 1477 philosophicis
1006 1395 1219 1477 quaestiones

600 1499 864 1581 chronologicae.

211 1669 320 1747 Longa
361 1677 409 1733 est
450 1671 584 1733 virorum
618 1670 777 1735 doctorum
809 1673 919 1748 series,
961 1670 1012 1749 qni
1053 1670 1089 1733 de
1122 1667 1339 1748 Xenophontis

128 1750 316 1828 scriptorum
335 1759 472 1829 tempore
488 1758 584 1830 atque
601 1752 709 1814 ordine
732 1770 825 1828 agere
840 1752 1055 1827 instituerunt,
1078 1760 1112 1813 at
1133 1757 1209 1833 quot
1227 1749 1340 1829 capita,

128 1838 176 1892 tot
199 1850 318 1912 sensus,
340 1852 409 1895 narn
431 1833 540 1894 mirum
557 1840 711 1912 quantum
731 1835 812 1896 inter
827 1852 861 1897 se
880 1833 1037 1896 differunt.
1081 1834 1169 1896 luter
1181 1838 1341 1893 nostrates

133 1932 207 1975 vero
231 1913 307 1976 haec
330 1916 435 1976 extitit
458 1915 660 1994 consuetudo,
682 1922 717 1977 ut
734 1934 770 1977 cx
788 1914 1009 1994 particularum
1033 1912 1226 1994 quarundam
1248 1930 1340 1992 prae·

132 1995 361 2071 positionemve
385 2015 443 2058 risu
467 1995 616 2058 librorum
650 1995 725 2058 ordo
759 1995 953 2060 definiretur.
997 1998 1031 2059 ln
1066 1997 1162 2058 aciem
1194 1992 1341 2074 produxit

133 2076 397 2155 Dittenbergerns
430 2079 459 2138 in
499 2077 663 2140 annalibus
696 2080 749 2157 qui
791 2084 943 2141 vocentur
971 2076 1124 2158 ‘Hermes'
1154 2082 1229 2139 tom.
1258 2075 1340 2153 XVI,

127 2176 177 2236 pg.
207 2163 262 2219 331
300 2160 485 2237 particulam
518 2155 600 2240 μήν,
640 2167 675 2221 ut
712 2177 749 2221 ex
784 2160 851 2222 eius
889 2161 1092 2239 usurpatione
1120 2156 1339 2237 Xenophontis

127 2240 245 2316 scripta
276 2240 451 2310 ordinaret:
494 2258 555 2317 qua
594 2242 863 2318 argumentatione
896 2239 1117 2322 Requettius1)
1157 2258 1224 2303 cum
1258 2237 1341 2316 cupi·

127 2320 225 2382 ditate
258 2321 393 2399 quadam
427 2329 553 2399 arrepta
595 2321 625 2382 in
659 2322 879 2384 dissertatione
914 2322 994 2384 alias
1028 2319 1140 2398 insigni
1175 2318 1340 2382 nonnullas

128 2403 259 2480 paginas
291 2401 395 2481 explet
422 2401 552 2464 tabellis.
593 2403 672 2465 Item
702 2402 872 2466 Sohaemus
904 2403 934 2465 in
965 2402 1177 2482 disputatione
1207 2400 1339 2480 quaein

129 2483 237 2545 iisdem
260 2485 421 2545 invenitur·
443 2484 623 2561 ritualibus,
655 2491 729 2546 tom.
750 2484 835 2560 XXI,
850 2491 905 2548 431
926 2502 989 2564 sq.‚
1020 2484 1170 2564 imprimis
1192 2486 1262 2545 458.
1303 2499 1341 2543 ex

129 2583 188 2626 usu
212 2565 374 2627 verborum
394 2570 439 2644 τῷ
462 2560 534 2628 ὀίντι
555 2576 648 2644 atqne
666 2562 768 2639 ὅντως
785 2569 925 2629 ordinem
944 2565 1097 2646 quendam
1123 2565 1248 2638 statuit,
1272 2581 1339 2626 cum

129 2646 267 2708 Statilius
291 2647 320 2707 in
347 2646 493 2725 Requetti
516 2648 737 2711 dissertatione
760 2649 952 2711 recensenda
973 2645 1091 2728 (philol.
1108 2646 1233 2723 Anzeig.
1256 2643 1340 2719 XVI,

130 2730 207 2789 1856
231 2746 278 2805 pg.
298 2730 350 2804 nd)
373 2728 465 2789 aliam
488 2728 648 2804 ingressus
671 2732 750 2792 viem
773 2730 903 2809 optativi
928 2729 1027 2793 futuri
1053 2746 1141 2792 usum
1161 2726 1338 2807 respiceret.

128 2810 215 2885 Quae
240 2807 472 2872 observationes
501 2828 621 2871 summa
643 2811 762 2873 laetitia
784 2819 930 2892 acceptae
955 2817 1069 2874 sunta
1091 2809 1214 2887 multis,
1238 2806 1339 2869 multi·

127 2909 188 2968 quc
224 2899 296 2952 surrt
329 2892 443 2952 imitati
475 2890 767 2970 Dittenbergerum,
797 2893 1017 2972 acquestum,
1051 2891 1215 2954 Stahlium.
1255 2887 1339 2967 Quid

130 2989 237 3032 onrrres
267 2970 324 3033 hoc
358 2972 424 3033 loco
458 2973 640 3034 numerem?
679 2973 752 3051 quid
787 2992 860 3036 vero
893 2975 1048 3036 consecuti
1079 2973 1143 3033 sint
1173 2970 1255 3034 docti
1287 2968 1341 3043 illi,

132 3051 246 3114 merito
280 3070 411 3130 quaeres
441 3071 555 3116 exure.
609 3056 711 3134 Atque
743 3055 798 3117 tibi
821 3054 1028 3135 respondebo:
1059 3051 1195 3115 Paulum.
1237 3050 1340 3112 Paene

129 3151 238 3196 omnes
257 3134 337 3195 enim
353 3133 595 3213 aliquantulum,
614 3136 644 3196 in
666 3136 882 3199 nonnullorum
901 3153 974 3198 vero
993 3135 1179 3214 scriptorum
1200 3139 1341 3208 tempore

129 3215 348 3277 constituendo
373 3218 466 3277 etiam
489 3215 656 3293 plurimum
679 3218 761 3280 inter
783 3237 816 3281 se
838 3219 969 3280 variant.
1007 3217 1104 3280 Recte
1131 3214 1227 3292 igitur
1247 3212 1340 3275 Hart-

131 3297 287 3374 1111111112),
309 3304 343 3357 nt
367 3304 415 3357 est
436 3296 482 3358 vir
500 3315 572 3359 acer
590 3297 641 3359 ille
656 3299 790 3377 quidem,
813 3307 1023 3362 verumtamen
1039 3298 1166 3370 iocosae,
1188 3295 1338 3357 rationem

129 3378 212 3439 illam
243 3395 309 3439 cum
341 3376 505 3453 illuderet,
537 3381 730 3457 conrputavit
760 3400 798 3443 ex
830 3381 891 3443 illis
921 3379 1060 3441 tabellis:
1092 3377 1249 3457 particula
1275 3372 1342 3455 μήν

129 3466 271 3538 respecta
311 3458 546 3536 Xenophontem
593 3461 813 3540 conscripsisse
853 3463 989 3541 primum
1022 3460 1096 3539 Cyri
1132 3457 1340 3536 expeditionis

128 3541 242 3602 librum
268 3540 308 3602 lV
336 3545 368 3601 et
399 3540 448 3615 Vl,
482 3541 592 3602 deinde
615 3542 642 3604 ll
671 3549 702 3604 et
730 3543 788 3619 ΙΙΙ,
822 3549 887 3604 tum
916 3543 936 3604 l.
960 3541 1002 3617 V,
1039 3545 1197 3620 postremo
1226 3538 1278 3601 l.l
1309 3545 1342 3600 et

129 3623 195 3696 Vll,
218 3621 356 3683 Socratis
376 3618 674 3685 Commentariorum
705 3625 892 3702 compositos
914 3641 982 3686 esse
1000 3624 1130 3702 primum
1155 3618 1266 3682 librum
1289 3619 1341 3699 lV,

129 3711 193 3764 tum
217 3704 245 3765 ll
265 3709 297 3764 et
316 3702 371 3776 ΙΙΙ,
394 3710 553 3780 postremo
576 3703 596 3767 Ι.
620 3707 642 3766 Ι.

168 3898 279 4020 841ζᾶΙ1ἐ
295 3900 500 3964 dissertatione,
528 3897 571 3952 cui
590 3897 734 3968 inscripsit,
761 3899 794 3952 de
814 3897 1007 3966 Xenophontis
1024 3897 1083 3949 viba
1100 3898 1128 3949 eb
1146 3892 1253 3962 scriptis
1272 3909 1296 3946 a.
1313 3892 1340 3944 h.

127 3984 147 4018 s.
256 3986 285 4021 1.

201 4038 224 4099 l)
245 4037 276 4088 In
295 4037 367 4090 anal.
387 4038 509 4106 Xenoph.
529 4057 575 4107 pg.
592 4037 633 4090 39.
1209 4098 1214 4109 Ι

199 4103 238 4157 De
257 4104 381 4157 Schannii
400 4111 500 4160 conatu
519 4105 656 4164 conferas,
677 4118 747 4169 quae
766 4103 839 4155 recte
857 4101 973 4155 adnotat
991 4101 1178 4155 Duemmlerus
1196 4100 1236 4167 (111
1255 4095 1338 4150 Acad.

128 4189 174 4238 pg.
193 4174 235 4225 48.
249 4174 290 4238 ll:
319 4173 382 4225 »leh
402 4173 509 4229 filrchte
527 4174 614 4241 nicht,
633 4172 694 4224 dass
711 4170 755 4224 die
773 4187 827 4222 von
846 4170 950 4223 Schann
969 4169 1186 4239 vorgebrachten
1204 4165 1342 4220 Kriterien

128 4240 277 4309 hiergegen
298 4242 411 4309 geltend
430 4243 560 4310 gemacht
578 4241 687 4295 werden
702 4238 822 4292 kbnnen.
858 4239 902 4292 Sie
921 4237 1015 4291 bieben
1033 4239 1077 4291 fiir
1090 4236 1246 4305 Xenophon
1265 4234 1341 4287 ilber-

129 4309 218 4376 haupt
237 4308 287 4363 viel
307 4328 339 4362 zu
360 4309 449 4364 kleine
468 4312 583 4374 Zahlen‚
603 4327 650 4362 um
669 4326 702 4360 zu
720 4306 862 4360 Schlilssen
880 4325 912 4359 au
931 4306 1133 4375 bereehtigeu.‹

1146 4397 1159 4447 l
