2964 4980
722 316 761 375 24

128 500 233 559 autom
262 493 387 557 videtur
425 498 545 556 certum
576 510 645 555 esse
685 501 755 575 post
789 495 1012 575 Cynopaediam
1046 500 1078 558 et
1111 499 1184 577 post
1218 492 1333 556 Memor.

128 577 148 641 l.
171 577 265 641 l-lll
285 594 352 641 eum
376 594 445 639 esse
464 576 678 655 compositum.

213 660 303 723 Nunc
325 657 594 737 operaepretium
618 657 678 721 erit
701 659 901 722 considerare
925 677 995 739 quo
1015 665 1196 739 tempore
1219 657 1335 721 Xeno-

129 741 299 822 phontis
322 739 557 804 Convivium
579 747 711 802 ortum
736 741 798 802 sit..
842 742 943 821 Atque
959 742 1091 821 primurn
1107 741 1232 822 quidem
1258 743 1336 800 extat

129 822 241 888 Galeoi
267 824 351 886 locus
373 821 448 900 περὶ
471 816 608 899 ἄρθρων
633 825 678 900 18,
695 824 750 886 301
777 822 905 898 Kuehn,
935 823 1013 886 satis
1035 822 1265 897 memorabilis,
1293 817 1336 882 ubi

134 905 171 969 de
194 904 415 970 Oeconomico:
444 899 495 965 ὅτι
517 903 555 963 τό
585 903 712 983 βιβλίον
738 908 836 969 τοῦτο
865 908 931 966 τῶν
960 908 1173 985 Σωκρατικῶν
1193 904 1337 983 Ἀπομιορ

129 989 343 1068 μονεομοὶιων
355 985 427 1048 ἐστὶ
443 985 481 1046 τό
503 987 651 1063 ἔσχατον.
688 986 769 1067 Ergo
786 988 980 1067 symposium
1000 985 1142 1068 praeivit.
1181 986 1338 1049 Praeterea

130 1070 207 1132 haec
230 1075 420 1149 reputemus.
464 1067 497 1130 lu
517 1067 605 1129 initio
628 1067 696 1130 libri
716 1068 755 1132 lV
773 1070 935 1150 proposuit
950 1068 1123 1149 Xenophon
1149 1069 1187 1131 ne
1200 1068 1340 1131 Socrate:

131 1151 185 1215 καὶ
209 1154 334 1227 παίζων
356 1149 410 1211 καὶ
433 1147 629 1225 σπουδάζων
661 1150 835 1214 ἐλυσιτέλει
864 1155 931 1225 τοῖς
960 1151 1237 1232 συνδιατρίβουσι.
1270 1146 1341 1209 πολ-

129 1233 219 1308 λάκις
241 1233 301 1313 γοὶρ
324 1230 445 1308 κ.ι.λ.,
467 1231 496 1324 in
520 1239 635 1312 quarto
656 1250 729 1295 vero
752 1232 829 1297 libro
849 1234 916 1314 ipso
938 1234 1096 1378 ,plerurbue
1119 1233 1252 1314 simplici
1277 1247 1341 1323 gra-

129 1318 228 1379 vitate
257 1322 290 1378 et
319 1315 400 1377 sicca
429 1319 562 1375 ventate
596 1313 828 1389 absorbentor'3
855 1324 964 1379 contra
985 1317 1015 1378 in
1064 1316 1188 1378 onvivio
1212 1328 1341 1378 consen-

132 1399 232 1462 bendo
257 1397 288 1460 id
322 1397 516 1476 potissimum
538 1403 660 1474 spectat
676 1398 863 1476 Xenophon,
885 1404 921 1461 ut
938 1397 1102 1475 ostendat,
1122 1396 1237 1478 quibus
1267 1396 1342 1457 idem

129 1482 181 1544 ille
204 1480 349 1544 Socrates
371 1478 454 1539 inter
476 1478 585 1557 pocula
608 1496 681 1541 usus
704 1479 919 1560 sermonibus,
950 1498 1018 1545 cum
1041 1481 1197 1543 derebus
1220 1477 1342 1541 ludicris

131 1570 186 1627 aut
208 1569 292 1626 certe
320 1559 487 1623 levioribus
518 1559 671 1640 colloquia
695 1561 898 1638 haberentur,
926 1564 1091 1626 amicorum
1122 1561 1293 1625 eruumedis
1316 1564 1344 1620 et

131 1644 259 1709 utilitati
282 1642 469 1718 servierit1).
513 1640 596 1719 Ergo
618 1643 679 1704 iam
703 1645 818 1707 Oomm.
836 1645 852 1706 l.
866 1643 907 1708 IV
928 1651 980 1709 c.l
1006 1643 1047 1708 ad
1070 1645 1244 1723 proximum
1270 1640 1342 1704 Con·

131 1729 244 1790 virium
266 1724 442 1802 respicitur.
494 1721 607 1785 Statuo
633 1726 728 1799 igitur
747 1735 819 1804 post
844 1726 961 1790 Corum.
985 1726 1006 1790 l.
1024 1726 1065 1791 IV
1088 1727 1221 1808 primurn
1247 1733 1345 1786 ortum

131 1828 199 1873 esse
223 1806 416 1884 Convivium,
438 1804 547 1867 deinde
569 1804 816 1870 Oeconomicurn.

216 1888 325 1968 Quid?
346 1887 427 1966 quod
453 1887 513 1949 duo
535 1888 591 1949 viri
611 1888 703 1965 docti,
721 1892 773 1969 qui
794 1890 944 1952 sermonis
960 1887 1196 1952 observationes
1219 1888 1345 1952 chrono-

131 1972 235 2051 logiae
256 1971 490 2034 laudamentum
511 1968 611 2032 iacere
638 1971 797 2049 volanti),
829 1990 876 2035 me
894 1972 1063 2045 adiuvant3
1093 1970 1232 2034 Stabiius
1269 1972 1345 2033 enim

133 2054 215 2118 hunc
245 2052 357 2115 statuit
386 2051 525 2113 ordinem
553 2058 587 2114 ut
613 2051 792 2116 Convivium
826 2061 976 2135 sequatur
996 2052 1228 2118 Oeconomicus.
1272 2054 1346 2117 item

133 2137 186 2200 Ph.
224 2135 372 2198 Webems
412 2133 441 2194 in
479 2132 699 2198 dissertatione
736 2145 817 2215 quae
860 2135 1039 2201 inscribitur
1080 2135 1347 2214 »Entwicklungs

132 2217 309 2298 geschichte
330 2215 385 2279 der
404 2213 648 2278 Absiehtssiitze.
689 2217 834 2296 Betrrege
854 2236 910 2281 zur
930 2217 1135 2281 historischen
1152 2217 1275 2298 Syutax
1295 2218 1347 2280 der

132 2298 345 2380 griechischen
372 2296 531 2377 Sproche«
562 2304 636 2362 tom.
659 2299 699 2380 ll,
733 2300 844 2364 lasci
875 2319 927 2381 pg.
952 2305 990 2363 76
1021 2300 1067 2365 sie
1087 2298 1183 2363 libros
1206 2300 1347 2363 ordinat:

133 2383 347 2464 symposium,
370 2379 601 2443 Oeconomicus.

217 2463 306 2540 Quod
330 2462 445 2525 attinet
467 2461 506 2523 ad
530 2467 663 2543 tompus,
694 2481 755 2542 quo
778 2469 881 2527 ortum
904 2463 946 2526 sit
967 2461 1166 2541 Conviuium,
1191 2481 1243 2527 eos
1266 2468 1348 2527 certe

133 2565 200 2611 rem
223 2563 285 2608 non
307 2542 481 2622 expediisse
501 2543 609 2620 eredo,
632 2545 686 2624 qui
709 2547 852 2608 instituta
874 2545 1090 2610 Conviviorum
1114 2546 1243 2609 duorum
1268 2564 1348 2609 com·

132 2629 294 2709 paratione
315 2644 353 2688 ox
372 2622 526 2687 similibus
543 2631 575 2686 et
597 2626 799 2689 dissimilibus
816 2627 854 2690 de
874 2635 1014 2708 tempore
1030 2646 1133 2692 eorum
1154 2629 1348 2692 coniecturas

132 2711 291 2783 fecerunt;
315 2706 433 2770 scilicet
455 2705 499 2767 illi
517 2706 574 2784 ipsi
598 2708 628 2769 in
648 2716 754 2787 partes
775 2709 915 2772 diversas
933 2711 1144 2774 discesserunt
1160 2716 1256 2789 atque
1279 2729 1348 2774 con-

133 2793 266 2865 trarias3
289 2787 528 2867 Xenophontem
546 2789 625 2850 enim
649 2791 780 2869 priorem
804 2793 1010 2871 composuisse
1027 2791 1206 2857 Convivium
1222 2800 1349 2856 censent

132 2877 295 2952 Augustus
310 2868 436 2934 Boeokh
455 2869 486 2931 in
502 2869 716 2950 disputatione
740 2874 797 2937 »de
814 2874 975 2937 simultate
993 2892 1073 2954 quae
1087 2876 1170 2937 inter
1183 2873 1347 2938 Platonem

133 2964 165 3022 et
186 2953 425 3035 Xenophontem
444 2951 657 3018 intercessisse
681 2956 840 3035 videtur«;
871 2956 991 3036 Hugius
1015 2958 1045 3020 in
1065 2955 1217 3036 Philologi
1240 2963 1264 3020 t.
1287 2955 1347 3033 Vll,

134 3043 194 3104 638
218 3056 264 3118 sq.
301 3045 333 3099 ct
361 3035 420 3108 al.;
450 3043 559 3098 eontra
587 3036 729 3100 Platonis
753 3037 933 3101 Conviviunr
962 3041 1048 3118 prius
1080 3048 1203 3118 ponunt
1229 3037 1267 3102 Κ.
1297 3038 1346 3101 Fr.

134 3123 294 3187 Hermann
325 3119 355 3180 in
386 3117 598 3195 disputatione
629 3120 718 3198 ,Num
739 3119 830 3182 Plato
860 3139 899 3183 au
924 3121 1093 3201 Xenophon
1124 3121 1211 3200 prius
1235 3119 1349 3184 Conri-

134 3206 216 3268 vium
239 3218 326 3264 suum
350 3198 529 3277 scripserit',
553 3215 580 3259 a.
606 3200 634 3261 h.
658 3219 682 3263 s.
707 3205 744 3262 35
767 3207 798 3263 et
821 3206 855 3263 41
882 3202 975 3278 edita,
997 3203 1167 3266 Sohanzius
1189 3203 1219 3265 in
1244 3203 1347 3266 Herm.

135 3291 217 3360 tal,
236 3284 368 3362 ppido.
414 3278 522 3341 Adhuc
545 3279 604 3342 sub
626 3281 728 3345 iudice
751 3281 788 3344 lis
809 3291 866 3345 est.
911 3284 1001 3347 Aliud
1023 3287 1118 3363 igitur
1135 3285 1347 3348 adiumentum

137 3365 341 3432 adhibeamus
363 3359 594 3440 videamusque,
617 3365 670 3444 qui
693 3382 792 3426 nexus
815 3365 988 3428 intercedat
1009 3368 1090 3430 inter
1113 3367 1297 3431 Convivium
1318 3373 1349 3428 et

136 3444 362 3530 Cyropaediam
384 3447 416 3504 et
437 3441 698 3520 Commentarios;
719 3449 894 3511 sententiae
918 3451 1008 3524 enim,
1033 3468 1112 3529 quas
1135 3467 1212 3529 prae
1235 3449 1349 3513 ceteris

136 3526 338 3608 Xenophonti
367 3542 460 3615 coras·
486 3524 579 3589 fuisse
601 3535 742 3603 constat,
766 3549 827 3592 non
851 3530 949 3593 solum
972 3549 988 3593 e
1012 3531 1267 3610 Commentariis,
1297 3529 1349 3594 sed

136 3613 231 3678 etiarn
254 3628 271 3673 e
294 3607 366 3688 Cyri
389 3608 583 3671 institutione
606 3611 808 3690 depromptae
830 3617 912 3674 sunt.

214 3690 366 3758 Conferas
388 3705 507 3770 quaeso
526 3690 582 3752 hos
604 3692 706 3756 looos:

204 3844 228 3908 l)
246 3841 281 3894 ef.
301 3841 411 3897 initium
430 3843 447 3896 l.
461 3841 499 3895 lV
519 3841 600 3896 Mem.
620 3839 839 3894 cumOonvivio:
858 3839 897 3893 ibi
916 3839 988 3895 enim
1010 3843 1162 3894 memoratu
1180 3840 1267 3910 digna
1285 3837 1352 3893 dicit

134 3925 189 3962 esse
207 3928 261 3966 non
279 3913 364 3965 solum
386 3906 418 3964 τὰ
437 3907 510 3983 μετὰ
529 3909 650 3981 σπουδῆς
667 3914 853 3980 πραττόμενα,
875 3906 940 3962 ἀλλὰ
964 3911 1010 3962 καὶ
1035 3904 1068 3960 τὰ
1088 3906 1118 3961 ἐν
1139 3916 1198 3968 τοῖς
1216 3908 1350 3966 παιδιαῖς.

134 3977 225 4032 Etiam
245 3981 317 4061 quod
337 3981 370 4034 de
390 3980 501 4035 Socrate
519 3979 618 4032 dieitur
636 3979 666 4030 in
684 3979 758 4032 Mem
786 3979 832 4041 lV,
856 3979 913 4046 1,2
940 3979 1080 4045 επολλάκις
1099 3973 1153 4048 γὰρ
1173 3979 1225 4048 ἔφη
1244 3979 1299 4049 μὲν
1318 3974 1352 4028 ἅν

132 4067 210 4108 τινος
235 4044 312 4119 ἑραν’
335 4048 536 4117 quodammodo
563 4049 598 4101 ad
625 4063 738 4113 sequens
767 4047 927 4101 Conuiuium
950 4064 998 4101 nos
1017 4053 1183 4132 praeparem
1211 4063 1351 4133 compares

134 4116 216 4171 Conv.
237 4117 346 4186 vnto
373 4118 421 4171 ubi
439 4119 562 4172 Socrates
577 4114 756 4197 pronuntiat:
786 4113 840 4184 ἐγώ
859 4135 891 4169 τε
916 4113 970 4190 γὰρ
993 4135 1043 4170 ουκ
1064 4114 1115 4188 opo
1130 4120 1234 4190 χρόνον
1252 4122 1351 4178 arnoia,

133 4181 164 4237 ἐν
182 4206 203 4258 ῳ
222 4188 270 4240 οὐκ
289 4184 359 4259 ἐρῶν
376 4207 455 4246 τινος
472 4187 598 4239 drosaico.

201 4255 229 4322 2)
248 4256 325 4321 Quod
339 4254 470 4309 iudicium
485 4256 519 4310 de
533 4255 642 4309 illorum
656 4250 891 4306 observationibus
905 4253 1023 4316 fecerim,
1043 4269 1075 4307 ex
1089 4271 1135 4331 pg.
1152 4253 1168 4304 2
1190 4268 1352 4333 cognoscere

132 4327 217 4393 potes.
254 4325 351 4393 Itaque
369 4325 442 4392 quod
460 4342 532 4378 nune
550 4324 585 4378 ad
604 4341 648 4377 eos
668 4337 801 4390 provoco,
827 4338 883 4374 non
902 4322 959 4376 sine
978 4322 1152 4376 dubit-amone
1170 4321 1228 4375 fiem
1249 4324 1350 4376 teneas.
