2964 4980
812 259 853 319 50

214 423 546 503 ἆόρατοςῆμῖνὲστιν.
566 429 791 501 cf.0yr0p.VIII,
845 428 979 512 τισθξνης
1012 428 1077 499 περὶ
1102 426 1152 478 τοῦ
1180 428 1252 480 θεοῦ
1278 429 1331 480 τῶν
1360 425 1430 483 ὅλων

210 503 235 567 λ,
251 499 295 556 22.
837 497 895 567 βοᾷ·
907 496 961 550 απὸ
968 494 1084 578 ‚sinduno
1092 499 1123 548 οὐ
1129 499 1282 579 χωρίζεται,
1295 501 1363 564 ὀφθ
1377 520 1393 551 α
1403 502 1428 551 λ-

214 595 216 599 ’
298 580 299 584 ’
835 573 918 638 μοῖς
938 585 998 635 ουχ
1017 583 1168 638 οραται,
1188 566 1280 618 obdere*
1301 567 1391 620 ἔοικε.

292 685 350 750 Hic
372 701 494 765 quoque
515 682 601 746 locus
621 681 734 762 dignus
756 688 817 761 est,
845 685 898 764 qui
921 686 1069 746 notetur:

268 792 367 862 Cyrop
385 791 434 860 Vl,
452 789 477 857 2,
498 789 539 842 29.
691 789 794 843 Oomm.
814 789 859 851 lv,
878 790 902 851 3,
921 790 945 841 9.
1041 787 1101 841 Dio.
1120 788 1213 855 Glrrys.
1233 805 1271 841 or.
1291 788 1315 842 3.
1337 790 1384 841 127
1395 790 1426 842 R.

244 875 369 930 διδάσκει
388 875 417 928 δὲ
435 868 599 932 καὶὅθεὸς
671 869 707 925 Τὸ
739 873 765 925 d’
787 860 822 926 αὖ
847 868 942 942 ἐπειδὴ
968 874 1016 925 καὶ
1072 868 1426 925 ε’πεὶδὲὰσθενέστε-

211 941 360 1014 ἀπάγων
387 941 479 1017 ἡμᾶς
507 937 598 995 κατὰ
624 942 705 994 τοῦτο
722 938 846 1013 φανερὸν
862 938 1017 993 ὅτιούκᾶν
1041 957 1099 1010 ροι
1145 938 1273 1010 φέρειν
1319 937 1429 1012 ἐσμὲν

209 1011 598 1096 μικρὸνέκτετοῦγει-
625 1007 836 1083 ὑπενέγκαιμεν
868 1007 949 1062 οὔτε
980 1007 1014 1062 τὸ
1042 1003 1111 1090 τὴν,
1142 1005 1348 1079 μεταβολὴν
1394 1014 1426 1061 d·

209 1085 326 1156 μιῖνος
346 1084 398 1144 εἰς
423 1078 459 1135 τὸ
480 1077 599 1151 ἄνεχε·
625 1079 744 1151 καῦμα
772 1077 855 1132 οὔτε
884 1075 919 1130 τὸ
949 1079 1017 1142 ψῦ-
1042 1084 1162 1200 θροαν
1201 1078 1375 1200 γενοργέν
1413 1100 1429 1131 ν

213 1161 301 1207 σθαι
326 1153 455 1226 ἰσχυρά
479 1149 599 1221 θάλπη
621 1147 1015 1220 χος,εὶε’ξαπι’νηςγίγνοιτο,
1041 1147 1278 1231 (c.Xen.Oy1·op.
1323 1148 1343 1210 Ι,
1360 1150 1383 1210 2,
1395 1150 1427 1200 20

213 1225 273 1276 καὶ
291 1220 329 1276 ἐκ
351 1221 413 1275 τοῦ
432 1219 600 1280 θάλπους
625 1213 696 1270 οὕτω
712 1217 766 1289 μὲν
780 1213 1016 1288 κατὰμικρὸν
1042 1211 1058 1284 ἦ
1084 1211 1151 1286 γὰρ
1179 1233 1269 1267 κατα
1294 1214 1428 1289 μικρὸν

214 1292 269 1352 εἰς
288 1287 599 1363 τὸνίσχυρὸνχει-
624 1286 819 1358 προςιέναι
839 1282 905 1339 τὸν
935 1281 1014 1355 ἥλι-
1041 1282 1268 1355 παράλλαξις
1311 1285 1429 1338 πᾶσαν

212 1361 321 1434 μοῖνα.
626 1350 782 1422 ον,οὖ’τω
798 1352 1015 1408 θὲκαὶκατὰ
1041 1351 1272 1437 ποιεϊρνιόιν
1300 1348 1428 1422 ὑποφέ-

624 1423 757 1496 μικρὸν
782 1421 954 1478 α’πιέναι.
982 1419 1014 1475 οἵ·
1040 1420 1427 1493 ρεινταςμεταβολὰς)

626 1492 905 1547 στελανθανειν
923 1488 1016 1578 pleds
1040 1493 1099 1542 κατ’
1119 1487 1214 1559 ὀλίγον
1231 1490 1318 1543 ταῦτα
1341 1513 1428 1563 μηχα-

627 1558 1014 1635 εἱςὲκάτερατὰισχο-
1041 1559 1123 1612 νᾶται
1152 1561 1212 1611 καὶ
1241 1558 1375 1632 τρόπον
1403 1556 1428 1630 ἡ·

626 1628 774 1703 ρότατα
822 1639 1015 1684 καθιστα-
1039 1628 1108 1698 ,adr
1135 1627 1343 1681 λανθάνων·
1368 1632 1428 1696 ,καὶ

625 1700 779 1772 μένους.
1041 1700 1183 1760 συνεθίζει
1203 1693 1266 1749 τινὰ
1295 1698 1345 1750 τοῦ
1365 1697 1429 1769 ἦρος

1040 1759 1211 1848 ὑπενεγκεῖν
1221 1762 1250 1818 τὸ
1262 1766 1355 1848 θέρος,
1363 1787 1428 1837 προ-

1040 1831 1236 1905 γομναζωνιλὲ
1253 1854 1428 1906 coepero-

1039 1902 1160 1975 ποίρου
1184 1904 1349 1975 χειμοῒνα
1377 1903 1428 1957 οἷν-

1041 1972 1197 2043 έχεσθαι
1224 1969 1347 2043 ἐκμὲν
1367 1973 1429 2025 τοῦ

1038 2040 1243 2127 χειμῶνος
1271 2039 1427 2094 θάλπων

1042 2129 1108 2162 κατ
1136 2106 1265 2179 ὀλίγον
1284 2108 1316 2163 ἐκ
1330 2107 1360 2163 δὲ
1380 2111 1430 2163 τοῦ

1040 2178 1143 2250 θέρους
1162 2175 1319 2251 (ἵναψύχων,
1337 2177 1428 2233 ὥστε

1040 2242 1428 2315 α’λύπωςάφικνεῖσθαι

1039 2315 1127 2388 πρὸς
1154 2316 1334 2389 ἑκατέραν
1362 2313 1428 2387 τήν

1039 2380 1257 2458 ὑπερβολήν.

298 2473 477 2538 Simillimus
495 2476 711 2556 Xenophontis
728 2478 902 2540 sententiae
915 2483 964 2539 est
975 2477 1082 2541 Dionis
1102 2479 1315 2559 chrysostomi
1330 2480 1427 2544 locus.

112 2627 115 2632 ,
215 2554 294 2619 Num
319 2575 355 2619 ex
366 2556 575 2637 Xenophonte
588 2557 696 2622 hausit
718 2558 795 2622 ille?
842 2559 900 2622 Vix
927 2565 1028 2622 tamen
1057 2561 1263 2642 credipotest
1287 2562 1427 2642 Dionem,

215 2638 265 2718 qui
297 2640 436 2701 medone
467 2641 561 2703 tertia
591 2642 728 2720 eynieam
751 2641 921 2703 doctrinam
952 2650 1078 2705 secutus
1101 2644 1143 2706 sit
1174 2642 1223 2726 (cf.
1249 2644 1284 2706 E.
1305 2644 1428 2720 Weber,

215 2720 252 2781 de
273 2719 372 2783 Dione
387 2720 494 2800 Chrys.
514 2721 697 2803 Cynicorum
720 2729 874 2786 sectatore
895 2724 1088 2805 pead33sq.)
1110 2725 1190 2789 hunc
1213 2744 1307 2788 unum
1325 2726 1426 2789 locum

215 2800 450 2882 eCyropaedia
478 2804 523 2866 vel
553 2823 570 2868 a
601 2804 837 2869 Commentariis
870 2807 1109 2886 deprompsisse.
1163 2808 1301 2889 Uterque
1331 2810 1427 2887 igitur

214 2881 254 2946 ad
274 2903 465 2948 communem
490 2887 606 2950 fontem
627 2889 744 2951 recedit
765 2905 856 2969 quem
878 2887 973 2951 fuisse
993 2889 1208 2967 Antisthenem
1233 2908 1300 2954 cum
1324 2890 1427 2970 aliqua

214 2965 447 3044 probabilitatis
469 2970 570 3048 specie
592 2970 682 3034 nobis
705 2972 843 3035 conicere
867 2971 946 3034 licet.

297 3047 441 3113 Ceterum
454 3051 528 3114 nihil
545 3052 654 3130 habeo,
667 3054 749 3132 quod
759 3054 796 3116 iis
812 3053 935 3130 addam,
948 3070 1028 3132 quae
1038 3053 1152 3116 loelius
1161 3071 1197 3116 ac
1212 3053 1427 3117 Duemmierus

214 3128 272 3192 hac
293 3131 331 3193 de
355 3150 388 3194 re
411 3134 617 3213 disputavere.

297 3213 460 3287 Quomodo
483 3223 588 3279 autem
612 3218 819 3280 contrarietas
840 3232 906 3293 cap.
928 3215 949 3292 i,
970 3219 994 3294 l,
1016 3221 1047 3276 ll
1075 3222 1107 3276 et
1129 3216 1139 3278 l
1164 3223 1229 3279 cl
1255 3215 1425 3281 Comment.

214 3289 368 3357 conciliari
391 3298 492 3375 possit
514 3298 617 3378 aliqua
640 3299 760 3361 ratione
779 3315 837 3362 nec
864 3314 922 3359 non
947 3297 1081 3360 iucunda
1097 3297 1276 3377 explanavit
1297 3297 1427 3377 BirtiuS,

214 3375 253 3438 de
274 3376 446 3443 comment.
471 3380 591 3443 Socrat.
615 3380 837 3460 compositione
859 3397 909 3459 pg.
932 3379 976 3442 iX
999 3396 1044 3459 sq.

296 3623 413 3700 Quodsi
439 3626 478 3688 ad
503 3633 672 3690 extremum
693 3625 871 3704 Socratem,
903 3622 1024 3703 qualem
1052 3621 1141 3684 nobis
1164 3622 1305 3702 depingit
1326 3622 1430 3686 Xeno·

211 3704 306 3785 phon,
324 3710 500 3771 accuratius
515 3708 716 3788 contemplati
732 3708 855 3782 erimus,
871 3705 996 3768 virtutis
1010 3712 1254 3784 praeceptorem,
1272 3704 1430 3768 amicitiae

212 3806 291 3869 quae
322 3791 426 3869 potior
453 3792 495 3854 sit
524 3790 629 3854 multis
662 3789 779 3853 divitiis
810 3788 1002 3852 laudatorem
1032 3804 1102 3850 sese
1129 3793 1308 3866 gerentem,
1340 3786 1431 3850 facile

213 3872 397 3950 Cynicorum
420 3873 669 3953 praedicatorum
688 3872 916 3935 meminerimus
939 3870 977 3932 de
1001 3868 1113 3949 quibus
1137 3872 1222 3932 recte
1240 3870 1429 3932 sententiam

212 3953 287 4016 tulit
310 3954 565 4019 Wilamowitzius
594 3956 623 4017 in
643 3961 763 4034 quaest.
793 3952 896 4036 philol.
921 3953 971 4026 IV.-
998 3969 1053 4030 pg.
1077 3954 1145 4029 292,
1175 3950 1227 4014 ubi
1250 3951 1288 4014 de
1310 3951 1432 4031 origine

211 4034 293 4099 illius
316 4037 522 4116 {eloquentiae
556 4037 796 4116 disputationem
830 4035 985 4110 instituit,
1027 4051 1107 4113 quae
1137 4032 1316 4097 inscribitur
1356 4033 1432 4114 tDer

211 4115 360 4197 kynische
380 4118 526 4199 Prediger
546 4119 654 4196 Teles',
684 4124 781 4198 atque
804 4119 843 4180 ad
866 4137 936 4181 eum
958 4114 1050 4180 finem
1080 4116 1225 4196 pervenit
1248 4116 1312 4196 (pg.
1337 4116 1430 4197 3l3lr

213 4218 265 4263 ›es
287 4202 330 4264 ist
352 4202 438 4265 nicht
459 4203 571 4266 andere
604 4201 660 4264 der
680 4200 822 4280 Kyniker
845 4200 936 4264 Teles
958 4200 1001 4261 ist
1023 4199 1079 4261 der
1101 4199 1226 4276 alteste
1251 4197 1430 4262 kenntliche

212 4281 345 4348 Vorfahr
368 4284 424 4349 des
446 4255 630 4366 geistliclren
652 4283 810 4367 Redners,
842 4285 897 4348 der
919 4282 1031 4361 heute,
1050 4281 1082 4343 in
1104 4280 1235 4346 welcher
1257 4278 1374 4345 Kirche
1398 4298 1431 4345 es
