2964 4980
722 328 757 388 31

125 493 259 590 indiciis
276 497 446 561 coniunctis
461 517 529 562 eum
545 506 611 564 tum
630 503 762 581 triginta
776 502 840 566 lere
857 503 953 567 luisse
970 503 1120 569 annornm
1134 507 1351 587 statuerimus,

125 587 164 642 ut
187 598 270 643 circa
294 598 410 644 artuum
435 587 495 645 450
517 592 609 646 natus
633 586 684 647 sit.

218 666 341 725 Annum
372 669 426 725 371
459 683 529 727 eum
552 666 675 729 uidisse
704 666 891 730 Plutarchus
919 668 948 731 in
976 669 1041 731 vita
1069 669 1204 748 Lycurgi
1234 671 1271 744 (c.
1297 671 1349 747 30)

127 752 287 811 testatur:
310 745 513 828 Ἀντισθένης
536 749 573 810 ‹lt
592 748 821 829 ὁΣωκρατικος
837 773 907 813 arro
931 773 986 832 της
1009 774 1044 812 εν
1055 750 1231 830 Λεύκτροις
1243 748 1348 832 μα’χης

126 829 217 909 ὁρῶν
239 828 313 899 τούς
329 831 492 910 Θηβαίους
513 840 595 911 μέγα
618 837 818 913 φρονοῦντας
836 858 864 894 κ.
883 855 910 894 c.
929 831 956 896 λ.
1003 836 1090 895 Anno
1109 838 1167 894 ato
1192 834 1346 897 Diodorus

129 911 351 974 antisthenem
381 913 481 974 vivum
509 915 649 977 nominat
672 914 723 990 (cl.
745 915 822 976 Diod
841 915 907 991 XV,
932 920 1000 992 llll:
1031 915 1180 996 ὑπῆρξαν
1202 916 1240 978 δὲ
1261 917 1346 978 κατα

127 995 267 1065 τοίνοος
295 992 369 1064 τούς
396 991 531 1073 χρόνους
559 993 677 1077 ἄνδρες
704 998 787 1060 κατοὲ
817 997 972 1059 παιδείαν
1002 993 1086 1072 ἄξιοι
1103 1001 1245 1081 μνήμης.
1278 1049 1284 1062 .
1311 1046 1345 1060 ..

127 1072 344 1221 Ἀρίστιῂππός
364 1099 400 1137 τε
421 1079 474 1138 καὶ
495 1078 706 1160 Ἀντισθένης.
752 1081 841 1143 Brevi
870 1086 942 1159 post
972 1090 1077 1145 autem
1095 1082 1201 1144 'obisse
1225 1081 1348 1144 videtur

130 1162 243 1224 Antist
267 1177 348 1222 enes

160 1320 190 1382 b.
238 1320 289 1382 De
313 1295 1321 1401 AntistheniscurnXenophonteconsueturline.

219 1435 404 1517 Priusquam
428 1435 548 1499 Socrati
572 1455 641 1499 sese
663 1437 800 1514 addixit,
830 1456 955 1517 operam
986 1438 1115 1501 dederat
1143 1438 1193 1500 ille
1215 1437 1349 1515 Gorgiae

131 1519 299 1598 Leontino,
320 1518 438 1581 rhetori
462 1518 668 1600 celeberrimo,
695 1538 786 1601 quern
806 1520 929 1583 circa‘a.
951 1522 1049 1597 4271)
1069 1519 1210 1584 Athenas
1229 1520 1349 1582 venisse

133 1607 263 1665 constat
300 1601 520 1665 Leontinorum
561 1601 707 1680 legatum.
771 1602 919 1679 Quamvis
952 1603 1101 1682 perlonga
1133 1621 1200 1666 cum
1231 1602 1350 1680 Gorgia

132 1683 333 1764 necessitudo
352 1684 565 1747 intercessisse
585 1692 727 1765 nequeat,
748 1702 814 1747 cum
829 1703 855 1748 a.
869 1690 923 1747 421
941 1685 965 1760 2)
984 1685 1200 1748 Antisthenem
1210 1683 1350 1746 Socratis

133 1767 358 1828 amicissimum
382 1767 555 1844 videamus,
578 1773 680 1828 tamen
705 1767 842 1829 studium
859 1768 1047 1831 rhetoricum
1067 1769 1096 1830 in
1117 1786 1152 1830 eo
1175 1768 1299 1844 mansit,
1319 1773 1350 1829 et

133 1849 290 1927 imprimis
317 1849 348 1910 in
381 1848 674 1927 declamationibus,
705 1868 786 1929 qnae
815 1850 1027 1913 inscribuntur
1064 1851 1141 1913 Aiax
1171 1857 1203 1912 et
1233 1847 1351 1925 Ulixes,

134 1929 275 2008 Gorgiae
308 1931 503 2007 agnoscimus
538 1931 743 2010 alumnumll.
798 1931 958 1996 Socratem
1002 1950 1074 1994 vero
1108 1932 1185 2011 miro
1216 1931 1350 2010 quodam

134 2031 245 2075 amore
268 2012 426 2092 amplexus
449 2019 518 2088 est;
549 2031 708 2092 nunquam
738 2014 818 2076 enim
847 2014 974 2092 reliquit
996 2015 1177 2093 magistrum
1198 2013 1249 2092 (cl.
1273 2012 1350 2075 Xen.

135 2096 223 2159 Gom.
254 2094 312 2171 ΙΙΙ,
338 2101 389 2173 ll,
417 2100 484 2174 17);
528 2094 649 2176 fuitque
681 2095 761 2160 idem
801 2097 831 2158 in
861 2095 996 2160 fidelium
1029 2097 1196 2160 amicorum
1237 2113 1352 2158 corona

134 2179 298 2240 Socratem
319 2177 501 2240 morientem
523 2178 780 2242 circumdantium
804 2177 855 2253 (cf.
878 2178 959 2243 Plat.
982 2179 1097 2242 Phaed.
1118 2183 1156 2242 59
1170 2178 1216 2256 B).
1261 2176 1350 2253 Quae

136 2260 247 2323 dedita
270 2259 416 2322 voluntas
439 2260 523 2323 haud
544 2261 606 2324 scio
629 2279 667 2324 an
687 2260 923 2342 Xenophontem
954 2274 1077 2341 quoque
1099 2267 1176 2323 natu
1198 2260 1349 2321 minorem

134 2342 297 2418 allexerit,
326 2343 376 2421 qui
403 2361 590 2424 quamquam
614 2347 682 2405 erat
702 2343 785 2425 α’νήρ
807 2342 973 2423 εὐδαίμων
994 2366 1030 2403 τε
1051 2348 1108 2405 καί
1128 2341 1351 2412 εὐειδέστατος

134 2423 180 2497 εἰς
203 2421 388 2509 ὑπερβολήν
411 2424 461 2500 (cl.
486 2427 588 2488 Laert.
611 2425 700 2503 Diog.
715 2425 826 2507 ΙΙ,48),
848 2425 1005 2488 horridum
1029 2431 1060 2488 ct
1082 2443 1226 2506 asperum
1250 2424 1350 2485 virum

135 2508 351 2587 adamaverat,
373 2507 445 2570 dum
464 2509 602 2570 Socratis
620 2508 847 2571 consuetudine
871 2507 1027 2585 utebatur,
1043 2525 1171 2587 eamque
1183 2506 1349 2570 amicitiam

134 2591 323 2670 perdurasse
352 2589 500 2653 bellorum
532 2597 732 2670 tempestates
764 2609 821 2670 pro
852 2597 936 2653 certo
968 2591 1124 2653 affirmare
1156 2589 1245 2651 nobis
1268 2587 1350 2664 licet,

135 2675 179 2736 ita
203 2679 238 2735 ut
260 2671 444 2752 Xenophon,
466 2691 533 2735 cum
557 2672 595 2735 de
618 2673 766 2751 rrragistro
789 2672 926 2735 scrihere
948 2673 1139 2746 institueret,
1161 2672 1229 2752 plus
1253 2670 1346 2732 semel

136 2754 335 2818 Antisthenis
350 2755 527 2818 consuleret
548 2755 694 2832 dialogos
732 2755 838 2837 Neque
851 2755 881 2817 id
898 2755 1026 2819 mirum!
1072 2754 1150 2817 Nam
1167 2755 1196 2816 in
1221 2753 1350 2816 lamilia·

136 2838 331 2901 rissimornm
370 2838 509 2900 Socratis
541 2855 670 2899 numero
713 2837 886 2916 Xenophon
931 2838 979 2900 vix
1020 2846 1066 2900 est
1107 2836 1268 2899 habendus
1301 2833 1350 2910 (cl.

136 2920 367 2984 Duemmlerum
390 2921 429 2982 in·
445 2919 636 2982 Academicis
662 2938 714 2999 pg.
743 2924 814 2998 126,
845 2921 897 2998 qui
930 2920 1006 2982 citat
1030 2920 1178 2982 Dielsium
1211 2920 1241 2980 in
1272 2916 1352 2979 libro

138 3001 330 3084 »philosoph
354 3001 501 3066 Aulstttze
531 3001 565 3064 E.
589 3002 689 3064 Zellcr
719 3001 901 3080 gewidmet«
927 3020 977 3081 pg.
1001 3006 1122 3079 257,1;
1147 3009 1273 3080 praeter
1300 3017 1353 3061 eos

137 3086 286 3165 inspicias
307 3085 486 3148 Richterum
505 3085 539 3146 in
562 3083 675 3163 libello,
697 3086 745 3149 cui
769 3083 929 3162 inscripsit
950 3081 1286 3163 ,xenophon-Studien
1309 3081 1352 3160 lin

138 3168 341 3231 Fleckeisenii
364 3167 523 3230 annalium
549 3175 623 3231 toni.
647 3170 746 3248 suppl.
765 3165 839 3231 XIX
862 3184 913 3246 pg.
941 3169 1017 3244 lac).

220 3250 406 3329 Xenophon,
442 3250 467 3312 si
503 3268 570 3312 eum
607 3268 673 3313 cum
697 3251 873 3313 Hartmano
905 3250 948 3325 lin
972 3245 1216 3328 analXenoph.
1248 3264 1299 3325 pg.
1324 3246 1355 3322 6)

137 3334 220 3395 circa
243 3351 270 3394 a.
293 3335 387 3408 425⁴)
419 3339 526 3394 natum
563 3349 631 3394 esse
652 3334 813 3411 ponimus,
845 3349 944 3412 usqne
975 3333 1012 3393 ad
1048 3348 1163 3393 annum
1188 3335 1259 3409 lor,
1291 3346 1353 3408 quo

136 3415 270 3477 Proxeni
296 3416 386 3478 amici
409 3415 529 3476 Boeotii
561 3414 673 3476 litteris
704 3420 878 3478 commotus
908 3421 964 3490 est,
995 3421 1031 3476 ut
1062 3432 1129 3476 cnm
1162 3431 1198 3476 eo
1227 3413 1257 3474 in
1282 3411 1356 3473 Asia

135 3497 292 3560 fortunam
328 3503 482 3574 tentaret,
511 3496 650 3559 Socratis
684 3497 847 3575 disciplina
880 3496 923 3556 uti
958 3496 1069 3575 potuit.
1114 3494 1180 3571 Quo
1214 3501 1355 3572 tempore

135 3578 295 3642 Socratem
320 3588 445 3643 secutus
466 3585 524 3657 est,
545 3586 620 3659 quot
642 3597 794 3642 annrnum
819 3576 929 3654 fuerit,
961 3584 1153 3656 compertum
1178 3594 1238 3637 non
1260 3574 1356 3637 habe-

136 3681 223 3740 mus,
256 3663 309 3723 sed
335 3662 445 3740 viginti
467 3679 567 3725 annos
591 3670 654 3724 turn
677 3662 772 3725 luisse
796 3667 903 3722 natum
928 3659 1158 3722 adulescentem
1191 3660 1237 3719 vel
1260 3657 1354 3737 paulo

135 3745 287 3807 iuniorem
322 3743 487 3806 verisimile
520 3746 579 3821 sit,
611 3746 795 3824 praesertim
829 3760 895 3805 curn
929 3740 1160 3804 consideremus
1189 3739 1352 3802 Platonem

207 3893 233 3960 l)
253 3891 287 3946 ef.
306 3891 385 3944 Diod.
404 3893 464 3956 Xll,
483 3891 525 3946 53.

205 3962 232 4026 2)
252 3960 281 4014 in
300 3961 428 4031 Xenoph.
448 3960 579 4015 Convivio
598 3960 632 4014 cf.
654 3959 753 4014 Athen.
774 3957 805 4018 V,
828 3955 878 4009 216
891 3956 919 4010 G.
977 3998 979 4003 .

203 4029 230 4095 3)
250 4031 373 4084 conferas
387 4048 457 4098 quae
475 4031 524 4084 sub
542 4031 625 4083 finem
643 4028 672 4081 in
686 4028 777 4097 capite
791 4024 824 4078 de
837 4024 1010 4079 Antisthenis
1023 4023 1268 4078 declamationibus
1286 4023 1352 4078 dixi.

204 4099 232 4167 4)
251 4100 286 4152 cf.
304 4117 386 4168 porro
404 4100 599 4154 Schwartzinm
626 4097 656 4150 in
681 4115 748 4150 mus.
774 4093 851 4147 rhen.
870 4098 893 4147 t.
910 4095 952 4158 44,
979 4113 1024 4163 pg.
1046 4095 1104 4162 164,
1116 4096 1140 4146 4.
1181 4095 1286 4146 »Wenn
1311 4094 1356 4147 die

135 4166 311 4238 Vermutung
328 4168 431 4238 richtig
449 4169 485 4223 ist
503 4200 537 4210 —
555 4169 611 4223 scil.
630 4166 849 4235 Xenophontem,
868 4166 1013 4233 postquam
1034 4163 1157 4232 Trasyllo
1176 4164 1244 4215 dnae
1262 4179 1286 4237 a.
1301 4162 1352 4216 409

134 4253 205 4304 equo
223 4237 369 4307 ,stipendia
390 4240 491 4292 meruit
509 4257 532 4292 a.
552 4239 604 4291 408
628 4237 751 4289 Athenas
770 4232 911 4287 revertisse
936 4263 968 4271 —
995 4249 1023 4285 so
1049 4250 1121 4286 muss
1139 4232 1173 4286 X.
1201 4233 1353 4300 spatestens

134 4307 185 4359 427
205 4307 323 4375 geboren
343 4309 415 4369 sein,
442 4309 507 4361 aber
532 4307 600 4361 auch
627 4305 705 4358 nicht
730 4303 783 4358 viel
809 4301 911 4357 frither.
948 4303 1016 4356 Dass
1040 4319 1070 4356 er
1087 4303 1133 4354 40l
1158 4300 1248 4370 einige
1266 4301 1352 4355 Jahre

131 4380 235 4450 jfinger
254 4377 295 4430 als
313 4379 346 4431 30
366 4395 430 4440 war,
449 4379 523 4431 steht
540 4378 594 4430 mir
612 4374 767 4443 unbedingt
785 4371 862 4424 fest«
