2964 4980
320 472 349 525 in
372 472 523 526 comment.

159 558 313 626 Xenophon
332 557 416 611 verba
435 558 503 612 facit
520 558 553 610 de
572 557 690 612 Socrate.

362 642 382 705 Ι,
404 643 425 703 l,
446 643 487 696 19.

174 729 232 778 Καὶ
251 722 306 796 γάρ
333 724 529 798 ἐπιμελεῖσθαι
556 721 642 783 θεοὺς
661 721 717 776 ἐνό-

134 800 216 866 μιζεν
240 797 408 868 ἀνθρώπων,
437 791 545 879 οῦχῗῦν
570 796 671 864 τρόπον
691 793 717 845 οἱ

136 865 232 915 πολλοί
260 866 432 934 νομίζουσιν’
470 881 546 915 ουτοι
581 860 634 933 μὲν
661 856 716 933 γάρ

137 932 246 983 οἴονται
273 935 335 990 τοῦς
359 928 446 989 θεοὺς
471 927 504 983 τά
552 930 582 982 ὲν
603 929 716 991 εἰδέναι,

137 996 169 1050 τά
205 995 233 1050 δ’
266 995 316 1052 οῦκ
351 999 463 1052 εἰδέναι·
505 951 654 1071 Σλόκράτης
687 997 717 1050 δέ

134 1062 716 1138 πόνταμένἦγεῖτοθεοῦςεῖδέναι,

135 1138 168 1186 τά
188 1154 219 1188 τε
239 1138 377 1206 λεγόμενα
397 1137 444 1188 καί
469 1138 645 1208 πραττόμενα
670 1136 717 1186 καί

136 1199 168 1255 τά
196 1204 261 1277 σιγῇ
286 1206 488 1275 βουλευόμενα,
520 1202 663 1288 πανταχοῦ
687 1202 717 1254 δὲ

136 1279 269 1342 παρεῖναι
294 1273 341 1324 καί
359 1275 508 1342 σημαίνειν
532 1279 590 1330 τοῖς
607 1268 715 1342 ανθρώ·

136 1359 201 1399 ποις
220 1343 284 1411 περὶ
303 1341 356 1392 τῶν
375 1343 556 1410 ἀνθρωπείων
574 1342 691 1392 πάντων.

171 1409 205 1461 of.
224 1426 305 1478 porro
325 1409 346 1471 Ι,
364 1411 448 1476 4,15.
486 1403 554 1460 ὅταν
571 1409 717 1480 πέμπωσιν

135 1471 226 1549 ὥσπερ
245 1479 287 1529 σοι’
306 1474 360 1551 φῂς
378 1477 500 1564 πέμπειν
519 1472 625 1540 αῦτοός,
649 1495 715 1545 συμ-

136 1547 257 1612 βούλους,
285 1540 421 1617 ὅτιχρη
446 1551 572 1597 ποιεῖν
590 1546 649 1597 καί
668 1540 714 1614 μὴ

134 1620 265 1665 ποιεῖν.

331 1684 359 1735 et
377 1680 423 1744 IV,
442 1680 522 1744 3,12.

170 1746 224 1798 Σοὶ
241 1742 272 1797 δ’
290 1746 356 1818 ἔφη,
378 1735 399 1800 ni
418 1749 573 1820 Σώκρατες,
592 1745 716 1801 ἐοίκασιν

136 1813 177 1866 ἔτι
205 1815 389 1888 φιλικώτερον
414 1813 430 1886 ἢ
455 1825 513 1875 τοῖς
538 1814 631 1874 ἄλλοις
649 1817 714 1904 χρῆ-

135 1889 214 1946 σθαι,
244 1883 271 1935 εί
287 1902 322 1951 γε
339 1884 411 1956 μηδὲ
429 1883 638 1956 ἐπερωτώμενοι
661 1886 715 1939 υπό

133 1947 714 2028 σουπροσημαίνουσίσοιἀτεχρὴ

132 2027 261 2071 ποιεῖν
281 2023 342 2074 καί
360 2017 378 2073 ό
395 2020 449 2093 μή.

943 470 973 523 in
991 469 1057 538 Gyri
1076 471 1162 525 instit.

784 555 858 610 Dicit
876 555 1024 624 cambyses
1061 558 1120 610 ater
1138 557 1168 610 in
1186 558 1321 628 colloquio

862 640 923 678 cnm
943 625 1013 692 Cyro
1063 624 1103 677 'oz
1123 625 1143 688 Ι,
1163 627 1188 693 6,
1208 627 1249 679 46.

802 711 884 762 θεοὶ
902 709 940 774 δέ,
958 697 1050 774 ὦπαῑ,
1069 705 1115 762 ἀεὶ
1133 707 1213 768 ὄντες
1229 708 1347 762 πόντα

766 777 863 829 ἴσασι
882 779 960 830 τότε
994 777 1151 863 εμενημένα
1165 780 1212 830 καὶ
1227 774 1261 830 τά
1280 776 1347 830 όντα

768 848 822 907 καί,
851 840 873 908 ῦ,
899 864 925 898 τι
952 796 992 903 t?
1006 849 1121 898 εκάστου
1140 842 1230 898 αῦτιῦν
1249 842 1346 915 ἀποβή-

767 932 861 976 σεται,
885 916 932 966 καί
951 914 1004 966 τῶν
1022 915 1284 985 συμβουλευομένων
1301 910 1347 965 ἀν-

768 982 886 1051 θρώπων
905 976 946 1039 οἷς
971 979 1008 1035 ἀν
1028 983 1091 1053 ἵλεῳ
1115 979 1194 1046 ὠσιν,
1221 1000 1345 1054 προση-

766 1053 966 1134 μαίνουσιν
985 1045 1128 1120 ῦτεχρὴ
1147 1057 1273 1103 ποιεῖν
1287 1052 1347 1102 καί

767 1140 784 1169 α
804 1140 841 1171 ov
883 1140 933 1190 ρη,

802 1139 931 1242 Ιίεόεαι
968 1190 1044 1242 fere
1080 1186 1201 1241 verbis
1227 1186 1346 1238 utitur

766 1255 923 1376 {orli2ptor
941 1262 1024 1326 atque
1048 1258 1076 1309 in
1096 1257 1247 1309 Comment.
1266 1255 1282 1306 Ι.
1302 1255 1345 1323 iv,

216 2112 333 2185 Quibus
355 2134 393 2177 ex
416 2115 490 2177 locis
511 2115 587 2194 quid
610 2116 794 2180 concludere
818 2119 982 2195 possimus,
1009 2125 1119 2196 postea
1143 2137 1342 2197 exponemus,

322 2217 352 2270 in
369 2218 521 2273 comment.

202 2388 326 2442 Socrates
351 2388 511 2458 depingitur
529 2391 549 2452 Ι,
568 2392 593 2458 2,
611 2393 636 2443 4,

164 2469 236 2525 nti&
252 2469 310 2542 μὴν
327 2474 438 2525 καὶτοῦ
451 2473 576 2546 σώματος
589 2478 668 2534 αὐτός
682 2495 712 2528 τε

133 2537 184 2592 οῦκ
212 2537 308 2612 ἠμέλει
334 2544 442 2607 τούςδ
467 2543 637 2614 ἀμελοῦντας
662 2539 712 2596 οῦκ

132 2607 239 2683 ἐπῄνει.
264 2605 424 2680 Τόμὲνοῦν
439 2605 711 2685 ῦπερεσθίοντα

130 2672 302 2759 ῦπερπονεῖν
321 2676 520 2749 ἀπεδοκίμαζε,
544 2677 574 2732 τό
594 2680 637 2746 δέ,
662 2675 712 2733 ὅσα

130 2742 158 2814 γ’
190 2745 273 2814 ηδέως
304 2741 323 2815 ἦ
358 2741 432 2817 ψυχὴ
468 2747 591 2817 δέχεται,
626 2748 712 2800 ταῦτα

130 2812 232 2872 ἱκανῶς
248 2812 423 2865 ἐκπονεῖν
438 2811 589 2898 ἐδοκίμαζε
609 2814 713 2897 ταότφν

130 2877 186 2953 γὰρ
206 2877 257 2952 τὴν
276 2880 335 2939 ἕξιν
360 2875 539 2964 ῦγιεινρν
558 2902 595 2936 τε
613 2886 714 2944 ἱκανως

132 2946 206 3002 εἶναι
235 2952 282 3002 καί
300 2946 352 3020 τὴν
372 2948 420 3036 τῇς
438 2960 530 3023 ψυχης
549 2949 713 3023 ἐπιμέλειαν

131 3015 183 3070 οῦκ
201 3014 360 3090 ἐμποδίζειν
384 3037 444 3088 εφη.

164 3109 255 3163 Verba
272 3109 341 3164 facit
358 3111 528 3179 Xenophon,
554 3114 586 3165 nt
609 3113 711 3167 refutet

129 3182 330 3232 accusatorem:

358 3263 379 3330 Ι,
398 3264 422 3327 2,
443 3263 483 3317 10.

164 3344 219 3416 ἐγὼ
233 3349 261 3399 δ’
276 3345 356 3419 οἶμαι
371 3344 435 3408 τοῦς
448 3347 585 3421 φρόνησιν
598 3350 710 3403 ἀσκοῦν-

130 3433 179 3475 τας
198 3418 245 3468 καί
270 3418 433 3487 νομίζοντας
456 3414 571 3476 ίκανοῦς
595 3417 710 3471 ἔσεσθαι

129 3483 162 3535 τά
179 3485 357 3555 συμφέροντα
367 3484 510 3539 διδάσκειν
524 3482 588 3545 τοὺς
596 3489 710 3544 πολίτας

131 3571 230 3639 peccota
259 3555 413 3622 γίγνεσθαι
440 3557 560 3623 βιαίους,
596 3554 711 3617 εἰδότας,

127 3639 175 3672 οτι
194 3620 227 3695 τῇ
243 3621 298 3692 μέν
316 3623 361 3690 βίᾳ
383 3621 528 3693 πρόσεισιν
547 3622 647 3695 ἔχθραι
666 3625 713 3675 καὶ

129 3688 269 3754 κίνδυνοι,
294 3684 341 3740 διὰ
369 3688 399 3741 δέ
424 3689 474 3743 τοῦ
493 3693 611 3744 πείθειν
635 3688 711 3743 ἀκιν-

129 3756 216 3816 δόνως
251 3776 281 3810 τε
317 3757 365 3808 καὶ
397 3754 470 3829 μετὰ
506 3761 600 3826 φιλίας
627 3757 712 3812 ταῦτὰ

130 3828 269 3895 γίγνεται·
289 3826 317 3877 ol
339 3823 393 3895 μέν
418 3822 473 3898 γὰρ
493 3828 659 3896 βιασθέντες
677 3825 713 3888 ιῦς

129 3894 337 3965 ἀφαιρεθέντες
362 3894 507 3964 μισοῦσιν,
542 3897 569 3947 ot
595 3895 625 3948 δέ
651 3915 713 3949 πει-

130 3962 248 4021 σθέντες
265 3958 302 4020 uic
321 3963 517 4034 κεχαρισμένοι
535 3964 673 4030 φιλοῦσιν.

164 4054 335 4108 Sententiam
355 4054 493 4122 quandam
513 4055 643 4123 proponit
655 4057 708 4109 Xe·

128 4124 248 4192 nophon.

357 4208 380 4272 1,
399 4209 423 4272 2,
443 4210 483 4263 19.

157 4289 235 4351 ’Ἱσως
262 4279 312 4347 οῦν
340 4292 450 4346 εἴποιεν
475 4288 511 4346 ἀν
534 4295 630 4348 πολλοὶ
658 4293 712 4347 τῶν

942 2223 971 2276 in
990 2222 1054 2291 Gyri
1072 2223 1161 2277 instit.

803 2388 876 2441 Dicit
894 2388 979 2457 Cyrus
997 2388 1030 2441 de
1049 2387 1151 2456 seipse
1170 2389 1190 2451 Ι,
1210 2389 1234 2456 6,
1254 2389 1295 2441 1Ί.

797 2473 913 2546 Πριῦτον
930 2475 984 2545 μέν
1000 2469 1032 2543 νὴ
1052 2475 1105 2525 Δία
1131 2473 1272 2546 πειρῶμαι
1290 2494 1340 2544 μη·

761 2542 860 2594 δέποτε
878 2537 1225 2614 ῦπερπίμπλασθαι·
1245 2540 1343 2609 δῦσφο-

762 2631 812 2680 ρον
830 2609 893 2682 γάρ’
913 2610 1011 2663 ἔπειτα
1030 2610 1060 2664 δὲ
1079 2608 1219 2663 ἐκπονῶ
1238 2606 1270 2663 τὰ
1291 2610 1342 2663 εἰσ-

763 2681 855 2731 ιόντα·
892 2674 962 2732 οῦτω
989 2677 1044 2750 γάρ
1078 2699 1128 2750 μοι
1156 2679 1236 2731 δοκεῖ
1267 2673 1283 2764 ᾗ
1312 2697 1342 2731 τε

762 2742 822 2816 όγί
831 2767 845 2800 ε
853 2766 862 2798 ι
871 2767 888 2798 α
894 2746 1007 2831 μᾶλλον
1016 2748 1192 2819 παραμένειν
1208 2749 1255 2799 καί
1268 2743 1342 2818 ισχός

761 2822 981 2888 προσγενέσθαι.

927 3114 1000 3167 Dicit
1017 3113 1171 3182 Cambyses.

985 3265 1006 3332 Ι,
1026 3266 1051 3332 6,
1069 3263 1112 3316 21.

795 3392 904 3406 .......
925 3348 971 3403 έπὶ
990 3349 1019 3402 δέ
1038 3345 1068 3402 τό
1094 3355 1221 3421 κρεῖττον
1240 3349 1339 3399 τούτου

759 3424 835 3487 πολύ,
850 3417 880 3472 τό
898 3418 1012 3478 ἑκόντας
1024 3421 1188 3480 πείθεσθαι,
1204 3413 1271 3486 ἀλλη
1282 3413 1339 3468 ἐστι

760 3488 961 3559 συντομωτέρα.

795 4053 869 4106 Dicit
888 4053 972 4119 Cyrus
990 4051 1020 4103 in
1039 4050 1162 4104 oratione
1180 4048 1215 4102 ad
1240 4048 1342 4102 amicos

760 4123 794 4176 de
812 4119 957 4189 disciplina
973 4135 1116 4188 procerum
1142 4116 1341 4173 constituenda.

968 4202 1030 4272 vn,
1049 4204 1073 4267 5,
1094 4205 1135 4258 τε.

796 4333 837 4347 ...
859 4285 925 4342 ἀλλά
944 4283 1034 4361 ὥσπερ
1048 4290 1095 4341 καὶ
1107 4289 1136 4341 αἱ
1150 4284 1231 4340 ἄλλαι
1248 4287 1342 4360 τέχναι
