2964 4980
304 497 333 551 in
352 496 417 565 Gyri
437 494 524 550 instit.
949 492 979 546 iu
1000 492 1152 547 comment.

355 583 376 651 Ι,
394 582 420 649 6,
441 581 482 634 14.
987 578 1036 642 ΠΙ,
1056 579 1080 647 1,
1098 578 1122 632 6.

161 668 268 723 Dicitur
287 668 360 722 enim
386 667 420 736 de
441 666 573 737 magistro
591 667 711 734 quodam

128 738 169 792 rei
187 737 330 792 militaris:

164 802 200 866 ὠς
212 805 244 891 δέ
254 825 305 877 μοι
320 802 483 889 καταφανές
500 800 638 890 ἐποίησας,
658 797 713 856 ὅτι
769 860 782 880 u
799 814 895 879 ...31
903 792 920 847 ἃ
938 792 1006 917 χορ
1026 792 1180 889 tergeret
1199 790 1287 878 ἑρκέγρ
1301 793 1347 874 aa}

128 894 268 959 μικρον
293 893 326 927 τι
352 892 461 956 μέρος
488 891 542 943 ειη
568 891 713 944 στρατη.
764 864 925 916 αλλοοοδεν
943 864 984 917 stis
1002 861 1069 920 αξεν
1096 864 1163 914 aiio
1181 881 1248 934 μην,
1267 880 1345 947 εφρο

129 947 213 1013 γὶας
231 961 271 996 τα
290 961 453 995 torsera.
764 931 929 1017 Σωκράτης,
955 928 1063 986 τοῦτο’
1087 949 1128 999 γε
1145 932 1347 984 πολλοστον

762 1001 874 1074 μέρος
894 1003 969 1055 εστὶ
987 1002 1223 1120 στρατηέίας.

798 1070 927 1124 Conferas
946 1085 1055 1139 quaeso.
1073 1086 1127 1136 quo
1165 1068 1199 1121 de
1217 1069 1270 1122 hoc
1288 1068 1346 1123 loco

763 1137 838 1192 infra
854 1138 958 1202 dicam;
978 1140 1023 1192 hie
1037 1153 1100 1192 vero
1119 1137 1149 1189 id
1162 1154 1249 1190 unum
1268 1139 1346 1191 nota·

764 1209 824 1260 tum
849 1209 924 1262 volo:
954 1207 984 1261 in
1010 1205 1236 1260 Memorabilibus
1261 1205 1349 1259 utitur

765 1277 920 1344 Xenophon
952 1277 1022 1330 lecto
1055 1274 1138 1328 verbo
1172 1270 1348 1347 tmaternis,

764 1344 837 1412 quod
870 1345 1005 1413 imprimis
1039 1346 1160 1398 oratores
1193 1346 1224 1397 ut
1253 1342 1347 1410 Lysias

766 1414 806 1481 14,
817 1415 859 1477 29,
880 1415 920 1481 14,
930 1415 973 1477 46,
992 1415 1124 1467 Isocrates
1139 1413 1162 1480 1,
1175 1412 1209 1464 34
1226 1428 1276 1466 nec
1293 1429 1349 1466 non

764 1483 845 1536 Plato
863 1482 934 1536 Phil.
953 1483 1001 1535 440
1022 1481 1151 1536 videntur
1166 1480 1347 1550 usurpavisse.

168 1582 313 1652 Cambyses
325 1597 434 1650 qnoque
451 1580 604 1635 accuratius
620 1580 714 1651 depin·
800 1575 869 1628 Boni
888 1573 1061 1644 imperatoris
1075 1573 1189 1627 virtutes
1207 1573 1348 1643 postulau-

132 1652 176 1732 gie
199 1653 310 1720 qualem
337 1666 393 1704 esse
418 1666 527 1704 neccsse
553 1648 590 1704 sit
612 1649 715 1703 bonum
766 1646 825 1697 tur:

133 1723 341 1791 imperatorem,
368 1721 451 1787 atque
475 1718 571 1774 eadem
595 1720 717 1798 postulat

133 1806 206 1859 quae
224 1789 348 1843 Socrates
365 1787 396 1840 in
414 1786 631 1842 commentaris.

364 1874 382 1942 Ι,
400 1873 425 1936 6,
445 1872 486 1926 14.
986 1862 1035 1926 ΙΙΙ,
1055 1863 1079 1927 1,
1098 1863 1123 1916 6.

170 1996 246 2012 .....
264 1959 291 2011 τί
309 1958 353 2039 εἴτ]
372 1954 472 2025 ὄφελος
490 1957 607 2028 στρατιᾷ
624 1976 716 2010 τακτι-
803 1951 850 2002 καὶ
874 1944 930 2022 γὰρ
953 1943 1214 2021 παρασκευαστικὸν
1238 1946 1292 2000 τῶν
1311 1946 1351 2007 εἰς

128 2025 192 2079 κῶν
211 2023 280 2079 ἄνευ
303 2045 370 2079 των
396 2023 631 2096 §wernonem
768 2013 817 2070 τὸν
851 2016 976 2088 πόλεμον
1009 2013 1058 2070 τὸν
1087 2012 1248 2101 ρτρατργὸν,
1276 2013 1350 2069 εἶναι

137 2097 164 2148 τί
182 2090 212 2146 δ’
231 2091 300 2148 ἄνευ
318 2094 368 2148 τοῦ
385 2089 617 2155 intercutanea
636 2090 716 2168 miqq-
764 2086 827 2158 wis
847 2088 894 2140 καὶ
912 2104 1130 2169 ποθισῑιξῑθν
1149 2103 1215 2137 ἴων
1233 2103 1349 2155 anitq-

159 2162 225 2223 ἕνας
244 2162 284 2222 εἰς
301 2164 426 2235 πόλεμον
445 2162 551 2234 τέχνας,
578 2165 613 2218 cf,
630 2167 720 2234 praet,
769 2156 944 2214 δείωντοῖς
957 2173 1139 2228 στρατιωταις
1157 2156 1205 2206 καὶ
1218 2156 1350 2225 ἀγχίνουν

135 2183 157 2295 i,
178 2233 204 2300 6,
224 2232 265 2296 10,
285 2232 326 2316 Ιῖ.
345 2233 366 2300 Ι,
384 2233 409 2295 6,
430 2232 470 2286 10.
496 2232 636 2303 μηδέποτε
655 2235 719 2286 ἀνα-

137 2299 236 2420 &aare
262 2319 298 2353 το
325 2303 543 2373 πορίζεσθαι
574 2296 719 2373 aduersi-

161 2388 227 2423 εια.

176 2538 270 2607 λέγεις
290 2495 350 2605 σ’ὐ,’
364 2538 431 2610 ἔφη,
450 2496 471 2592 ἐς
488 2497 586 2625 amq,
605 2535 641 2601 ὥς
659 2543 721 2594 καὶ
806 2537 853 2588 καὶ
870 2532 1028 2607 μηχανικὸν
1046 2537 1093 2588 καὶ
1118 2531 1287 2608 έργαοτικὸν
1306 2538 1352 2589 καὶ

140 2605 422 2681 καρτερώτερον
453 2609 499 2662 δεῖ
528 2628 598 2682 προς
629 2613 720 2663 πάντα
770 2602 888 2675 ἐπιμελῆ
907 2606 954 2657 καὶ
973 2603 1197 2678 καρτερικόν

140 2670 190 2727 τὸν
207 2676 326 2749 ἄρχοντα
345 2676 399 2730 τοῖν
417 2673 578 2751 ἅρχομένων
597 2675 679 2732 εἶναι.

362 2770 383 2834 Ι,
401 2770 426 2835 6,
443 2770 485 2825 27.

175 2848 231 2905 ἀλλ’
250 2839 285 2906 eri
302 2854 363 2907 teat
382 2848 426 2908 ὅτι
445 2855 492 2907 δεῖ
513 2852 562 2908 τὸν
584 2855 721 2927 μέλλοντα
805 2854 852 2906 καί
879 2849 1035 2925 φιλόφρονά
1062 2871 1093 2906 τε
1121 2853 1168 2905 καὶ
1194 2848 1277 2923 ὠμόν,
1306 2853 1352 2904 καὶ

142 2920 223 2974 τοῦτο
237 2923 365 2992 ποιήσειν
382 2925 429 2976 καὶ
440 2921 634 2993 ἐπίβουλον
648 2921 721 2978 εἶναι
770 2917 877 2975 ἁπλοῦν
895 2941 927 2975 τε
945 2924 992 2974 καὶ
1010 2919 1217 2990 ἐπίβουλον,
1237 2922 1285 2972 καὶ
1303 2941 1351 2987 φυ-

142 2991 189 3042 καί
207 2992 365 3061 κρυψίνουν
380 2992 427 3044 καὶ
445 2989 561 3066 δολερὸν
587 2995 634 3047 καὶ
652 2995 722 3047 ἄποι-
770 2993 901 3043 λακτικόν
919 2992 1011 3044 τεκαὶ
1030 2990 1202 3060 κλέπτην,
1225 2991 1272 3042 καὶ
1286 3009 1351 3061 προ-

142 3059 230 3111 τεῶνα
254 3061 301 3112 καὶ
326 3060 485 3132 κλέπτην
510 3063 557 3115 καὶ
580 3057 722 3133 ἅρπαγα
772 3055 868 3112 ετικόν
887 3060 934 3111 καὶ
952 3054 1111 3132 ἅρπαγα,
1131 3060 1179 3111 καὶ
1194 3056 1353 3130 φιλώδωρον

143 3127 190 3179 καὶ
208 3124 587 3200 ε’νπαντὶπλεονέκτην
607 3130 723 3183 reinne-
771 3129 818 3180 καὶ
836 3127 1075 3198 πλεονέκτην,
1102 3129 1149 3180 καὶ
1173 3123 1283 3198 cepeto}
1306 3129 1353 3179 καὶ

141 3196 252 3267 λεμίων.
772 3192 941 3259 ἐπιθετικόν,
962 3197 1009 3248 καὶ
1025 3195 1093 3248 ἄλλα
1104 3191 1191 3264 πολλὰ
1209 3196 1257 3247 καὶ
1270 3194 1352 3263 φύσει

771 3265 820 3316 καὶ
838 3261 976 3350 ἐπραήμρ
1001 3264 1046 3317 δεῖ
1068 3259 1117 3317 τὸν
1142 3263 1174 3318 εὐ
1199 3267 1352 3335 στρατηγή-

772 3351 855 3386 σονΐα
875 3352 959 3405 ὃχελν.

227 3424 339 3489 Videas
358 3443 475 3506 quaeso
497 3443 558 3490 non
581 3427 678 3491 solum
696 3429 881 3508 sententiae,
902 3427 1062 3491 sedetiam
1084 3427 1248 3491 verborum
1271 3428 1353 3491 simi·

143 3506 323 3588 titudinem3
352 3508 464 3572 merito
487 3527 568 3573 nunc
595 3528 727 3590 quaeres
759 3528 797 3573 ex
820 3527 884 3588 me,
913 3519 1019 3572 utrem
1047 3509 1146 3572 locum
1176 3510 1264 3589 prins
1286 3528 1353 3574 esse

143 3590 293 3670 scriptum
315 3590 499 3655 existimem.

228 3673 330 3750 Atque
350 3673 484 3752 primum
508 3672 631 3751 quidem
660 3672 860 3736 manifestum
883 3671 1007 3736 videtur
1027 3690 1096 3736 esse
1118 3670 1354 3750 Xenophontem

143 3754 173 3816 in
190 3752 428 3818 Commentariis
443 3770 507 3816 cem
527 3754 633 3821 ,lenum
649 3773 716 3819 esse
731 3772 778 3834 ea,
801 3771 882 3832 qnae
900 3752 997 3817 effuse
1019 3756 1048 3816 in
1063 3754 1136 3835 Cyri
1154 3752 1354 3816 institutione

143 3841 341 3914 exposuerat.
383 3841 425 3898 At
445 3773 603 3900 Kroinius
632 3855 716 3900 meas
738 3845 815 3915 agat
836 3841 951 3916 partes.
993 3838 1029 3900 In
1050 3836 1154 3898 libello
1176 3836 1274 3913 enim,
1307 3834 1354 3898 cui

144 3917 312 3996 inscripsit,
333 3917 493 3998 ‘Sok‘rates
515 3919 577 3981 und
596 3918 780 3999 Xenophon’
802 3917 840 3981 de
863 3922 927 3981 loeo
940 3917 1236 3986 Commentariorum
1258 3934 1355 3996 supra

142 3999 239 4062 citato
268 3997 344 4063 haec
374 4001 471 4063 verba
501 3997 576 4063 facit
609 4003 673 4080 (pg.
695 4003 783 4076 142):
824 4000 907 4062 »Der
937 3999 1099 4063 Verfasser
1128 3999 1183 4062 des
1211 3999 1354 4077 Kapitels

143 4080 300 4156 (nimirum
319 4087 453 4146 venatur
471 4081 523 4144 ille
540 4081 809 4226 interpolatorem)
829 4081 884 4144 hat
900 4080 949 4145 die
962 4080 1101 4145 Giocken
1120 4082 1225 4144 lauten
1242 4080 1355 4155 horem

144 4179 178 4225 er
200 4161 273 4239 gent
295 4181 355 4224 ven
371 4162 426 4226 der
436 4163 622 4243 Notwendig
647 4165 692 4227 eit
715 4165 770 4227 der
783 4161 883 4227 Lehre
907 4161 985 4227 auch
1007 4162 1058 4225 fiir
1078 4163 1127 4226 die
1149 4162 1355 4240 strategische

144 4241 281 4321 Bildung
313 4262 387 4321 aua,
425 4246 501 4309 aber
529 4245 598 4308 hait
627 4247 672 4309 sie
712 4247 769 4308 mit
801 4245 855 4306 der
888 4245 1020 4308 Theorie
1050 4242 1217 4323 erschopit.
1267 4243 1354 4307 Nach

144 4324 295 4389 Solinates
318 4327 425 4390 werde
440 4328 524 4390 diese
536 4327 636 4391 Lehre
652 4345 714 4390 nur
735 4346 793 4391 von
810 4327 882 4390 dem
901 4327 1068 4406 mitgeteilt
1085 4327 1207 4390 werden
1220 4325 1355 4400 konnen,
