2964 4980
808 323 846 382 10

218 498 378 561 adduntur
398 498 428 561 in
450 495 522 578 Cyri
546 495 744 559 institutione
767 499 799 557 et
824 495 962 558 medicus
982 499 1014 557 et
1036 497 1172 570 agricola
1191 502 1221 559 et
1244 512 1355 574 eques3
1377 493 1433 557 ad-

217 578 333 643 duntur
355 586 460 642 autem
485 578 712 660 promerenti
737 576 838 655 satior,
861 579 935 655 quia
953 577 991 640 ad
1016 579 1098 654 regis
1119 578 1213 640 tilium
1238 577 1429 641 educandum

216 663 315 740 magis
356 666 464 743 aptum
506 659 677 722 videbatur
717 659 871 735 agricolae
912 665 944 722 et
984 660 1096 738 equitis
1129 661 1301 738 exemplum
1336 676 1428 738 quam

217 744 360 806 tibicinis,
406 741 649 810 Memorabilium
680 760 754 803 vcro
784 740 881 802 iocum
911 747 984 803 ante
1008 741 1232 820 Cyropnndiam
1257 759 1323 803 csse
1353 740 1432 803 scri·

216 832 304 904 ptum
335 824 477 888 veiinde
500 824 610 903 elucet,
633 823 775 903 quodid,
802 824 884 901 quod
909 824 1120 902 quaerendum
1146 825 1344 903 proponitur,
1379 821 1431 884 iiio

216 907 267 968 αἐὶ
291 907 398 986 ἔλεγεν
418 906 647 982 introducitur,
679 905 840 967 notissima
864 906 959 982 igitur
982 905 1120 968 Socratis
1144 907 1298 968 sententia
1324 905 1431 983 depin-

216 990 311 1067 gitur,
333 1007 401 1053 cum
424 988 455 1051 in
479 986 552 1068 Cyri
574 987 773 1050 institutione
796 987 915 1068 aliquid
937 987 1006 1048 novi
1030 1005 1097 1050 esse
1120 988 1196 1049 iiind
1220 987 1428 1065 praedicetur.

215 1070 324 1150 Neque
346 1088 419 1134 vero
441 1070 502 1132 alia
524 1075 708 1148 argumenta
730 1067 803 1130 mihi
828 1069 958 1131 desunt:
987 1068 1118 1146 digitum
1139 1087 1256 1148 quaeso
1278 1085 1377 1148 ponas
1400 1070 1429 1129 iu

218 1153 367 1217 vocabulo
386 1151 513 1231 α’γαθὸς
532 1151 562 1213 in
589 1151 675 1213 initio
694 1151 742 1232 §2
766 1155 819 1211 c.7
842 1149 1097 1224 Memorabilium,
1121 1153 1170 1214 cui
1188 1153 1218 1213 in
1237 1150 1431 1230 Cyrnpaedia

220 1232 375 1317 φρόνιμος
395 1232 576 1312 respondet,
598 1233 630 1296 in
647 1232 764 1295 deliciis
787 1251 860 1295 vero
877 1230 972 1295 brisso
990 1234 1144 1296 notionem
1168 1231 1326 1315 φρόνιμος
1349 1232 1430 1312 apud

219 1317 352 1399 Cynicos
365 1322 463 1380 testes
475 1321 548 1379 sunt
560 1317 645 1379 Arist
661 1314 733 1378 Eth.
747 1314 866 1377 Nicom.
882 1315 1016 1396 1141b0,
1039 1317 1180 1378 Antisth.
1194 1317 1266 1378 diat.
1278 1315 1433 1397 Ἡρακλῆς

169 1442 171 1447 -
218 1394 240 1482 ἢ
260 1400 335 1479 περὶ
358 1394 544 1482 φρονήσεως
566 1397 707 1461 etmulti
729 1397 782 1459 aiii
806 1400 877 1460 hnt.
899 1398 955 1459 ioci
979 1397 1029 1477 (cf.
1052 1407 1215 1477 praeterea
1239 1397 1429 1461 Duemmieri

221 1482 314 1544 hcad.
337 1484 419 1557 247).
464 1480 532 1556 Quo
556 1482 636 1543 enim
659 1484 798 1559 tempore
810 1479 983 1558 Xenophon
999 1480 1224 1560 Cyropaediam
1247 1498 1431 1560 componere

219 1564 367 1639 instituit,
390 1561 588 1625 Antisthenis
611 1562 753 1624 doctrina
775 1561 846 1639 pius
868 1561 950 1641 apud
973 1580 1043 1625 eum
1066 1563 1197 1625 valebat.

302 1659 505 1724 Conferamus
534 1666 698 1740 praeterea
722 1659 891 1723 Commeat.
916 1660 955 1740 11,
977 1664 1043 1738 3,4
1072 1680 1138 1724 cum
1171 1660 1242 1740 Cyri
1273 1661 1368 1723 instit.
1391 1661 1429 1736 ΙΙ,

222 1748 247 1822 t,
273 1747 323 1819 28,
351 1760 445 1822 supra
467 1761 516 1822 pg.
538 1747 564 1803 7.
611 1741 725 1820 Agitur
747 1743 785 1803 de
806 1741 946 1805 fraterna
973 1744 1153 1816 concordiat
1184 1751 1277 1822 atque
1300 1744 1428 1821 primum

219 1830 361 1889 mutuum
385 1825 533 1886 tratribus
557 1825 681 1887 insitum
706 1842 774 1887 esse
794 1843 928 1886 amorem
953 1825 1078 1904 exponit
1101 1825 1255 1901 Socrates,
1278 1841 1359 1902 quae
1382 1842 1429 1887 res

220 1907 315 1968 etiam
338 1906 512 1968 bestiarum
532 1907 671 1986 exemplo
692 1907 920 1985 comprobatur.
963 1906 1069 1969 Primo
1088 1926 1159 1970 vero
1175 1906 1296 1968 obtuitu
1313 1907 1429 1969 clarum

219 1985 257 2050 fit
276 1987 514 2067 Xenophontem
538 2006 586 2069 ea,
611 2005 690 2068 quae
712 1989 799 2067 prius
822 1991 851 2050 in
865 1988 1102 2053 Commentariis
1123 1989 1213 2068 dixit,
1236 1989 1266 2050 in
1291 1987 1362 2068 Cyri
1385 1990 1428 2051 in·
1468 2012 1471 2017 ·

219 2069 383 2132 stitutione
405 2069 513 2131 iisdem
536 2070 601 2132 fere
624 2069 724 2132 verbis
748 2068 963 2149 amplificasse.

300 2167 342 2228 ut
373 2168 496 2230 maioris
526 2169 672 2230 momenti
698 2167 795 2230 locum
828 2174 1072 2246 pertractemus:
1104 2168 1260 2232 nonnullis
1287 2172 1368 2232 euim
1399 2172 1428 2232 in

218 2247 371 2327 capitibus
385 2249 457 2329 Cyri
480 2250 686 2313 institutionis
701 2250 876 2330 Xenophon
899 2251 1077 2312 memoriam
1101 2253 1289 2327 resuscitare
1305 2253 1429 2315 videtur

220 2329 522 2396 Commentariorum
545 2332 563 2394 l.
582 2333 596 2395 l
613 2340 645 2395 et
662 2333 700 2395 11.
745 2331 976 2413 Coitoquuntur
994 2332 1165 2411 Cambyses
1183 2345 1215 2394 et
1234 2334 1332 2406 Cyrus
1347 2332 1428 2397 filius

220 2411 257 2473 de
272 2412 338 2474 ‘diis
361 2414 392 2475 io
414 2413 526 2493 Cyrop.
550 2416 573 2488 1,
592 2419 620 2494 6,
640 2419 674 2489 6;
707 2432 798 2493 quem
820 2415 917 2478 locum
950 2416 1011 2477 iam
1041 2415 1129 2493 prius
1152 2414 1276 2478 exhibui
1299 2424 1364 2495 (pg.
1389 2421 1428 2494 3).

220 2492 357 2568 Quocum
380 2512 539 2574 compares
567 2514 684 2575 quaeso
707 2515 787 2576 quae
825 2497 863 2560 de
886 2497 1014 2560 Socrate
1038 2496 1181 2559 dicuntur
1204 2498 1234 2558 in
1257 2496 1427 2561 Comment.

217 2575 242 2651 I,
259 2576 287 2655 3,
305 2579 323 2636 2
343 2580 375 2637 et
396 2577 418 2651 l,
443 2583 468 2655 l,
492 2577 522 2639 9.
575 2578 611 2640 In
645 2576 716 2656 Cyri
749 2579 928 2640 memoriam
963 2583 1088 2641 revocat
1117 2584 1209 2657 pater
1241 2580 1427 2659 colloquium

217 2656 342 2719 iamiam
365 2660 452 2737 prius
474 2657 626 2723 habitum.
670 2658 745 2723 Cum
768 2678 842 2723 vero
874 2661 903 2723 in
926 2660 1082 2740 prioribus
1106 2661 1259 2741 capitibus
1282 2661 1358 2724 nihil
1385 2664 1429 2725 in-

221 2739 375 2817 veniatur,
398 2740 478 2820 quod
501 2742 638 2804 attineat
661 2742 700 2804 ad
720 2741 796 2805 illud
816 2742 1013 2822 colloquium,
1036 2750 1144 2805 contra
1161 2743 1269 2805 eadem
1288 2761 1337 2806 res
1360 2763 1429 2823 per·

218 2827 375 2883 tractatur
395 2822 426 2884 in
443 2820 742 2887 Commentariorum
766 2842 847 2906 quae
870 2842 965 2904 supra
986 2825 1080 2888 citavi
1103 2823 1269 2903 capitibus.
1307 2827 1429 2890 Rursus

218 2900 278 2965 hos
299 2901 381 2966 locos
403 2903 547 2968 afferam:

343 3047 373 3102 in
391 3050 543 3105 Comment.
562 3052 583 3116 t,
604 3052 626 3116 1,
645 3057 669 3106 9.
971 3051 1001 3104 in
1019 3051 1083 3120 Cyri
1101 3051 1188 3106 instit.
1207 3054 1228 3117 Ι,
1248 3054 1271 3117 6,
1290 3055 1315 3108 6.

269 3151 392 3241 torporis
418 3152 519 3236 desae*
543 3150 610 3214 ‘roric
626 3154 800 3229 μαντευομέ·
887 3161 946 3215 Ναὶ
955 3157 995 3232 μὰ
1010 3157 1061 3226 Δί’,
1081 3161 1133 3231 ἔφη
1150 3155 1164 3212 ὅ
1181 3161 1283 3231 Κῦρος,
1302 3158 1429 3234 μ’ἑμνη-

217 3240 282 3280 νους
309 3222 326 3272 ri
353 3228 411 3300 τοῖς
447 3224 606 3293 ανθρώποις
641 3223 746 3278 ἔδωκαν
774 3228 801 3279 οἱ
848 3251 912 3300 μαι
930 3229 1029 3301 μέντοι
1043 3230 1160 3282 τοιαῦτα
1174 3228 1294 3290 οἰκούσαις
1310 3252 1429 3287 σου....

217 3291 433 3372 θεοίἳμαθοισι
460 3291 618 3363 διακρίνειν
635 3323 670 3332 -
695 3287 755 3348 οἷον
775 3297 802 3349 εἴ
849 3295 968 3372 καὶγὰρ
988 3295 1048 3351 οἶδε’
1065 3318 1096 3352 σε
1111 3298 1294 3369 λὲγονταάεί,
1313 3297 1350 3360 οἷς
1369 3301 1431 3354 οὐδὲ

215 3378 259 3417 τις
284 3361 428 3442 επεριρτῴη
460 3362 580 3439 πότερον
613 3359 800 3434 ἐπιστάμενον
849 3366 936 3438 θέμις
955 3369 997 3438 εἴη
1019 3366 1160 3420 αἰτεῖσθαι
1185 3365 1259 3440 παρὰ
1279 3370 1334 3421 τοῖν
1353 3371 1431 3423 θεοῖν

218 3422 342 3511 ᾔνιρχεῖν
362 3431 407 3481 επῖ
430 3432 529 3510 ζειριοςΙ
551 3429 646 3497 λαβεῖν
671 3439 800 3504 κρεῖττον
849 3434 914 3490 οὔτε
932 3438 1064 3490 ἱππεύειν
1082 3433 1120 3508 μὴ
1145 3442 1291 3508 μαθόντας
1309 3441 1429 3511 ἱππομα-

217 3515 284 3580 ημρ
299 3495 493 3569 επιστᾶμενον,
513 3518 529 3567 q
548 3501 708 3572 πότερον
725 3497 799 3555 ἐπι·
846 3506 969 3578 χοῦντας
993 3505 1076 3557 νικᾶν
1096 3503 1163 3557 οὔτε
1183 3503 1221 3576 μὴ
1242 3504 1432 3578 ἐπιστάμενον

216 3584 405 3645 σταμενον
434 3567 616 3639 κυβερνᾶν
649 3565 706 3622 ἐπὶ
734 3568 799 3642 τὴν
849 3572 975 3631 τοξεύειν
990 3571 1156 3632 τοξεύοντας
1171 3582 1286 3645 κρατεῖν
1303 3575 1359 3628 τοῖν
1372 3579 1431 3630 ἐπι-

221 3654 304 3715 ναον
334 3640 508 3716 κρεῖττον
544 3636 670 3704 λαβεῖν
704 3636 721 3708 ἢ
752 3637 796 3712 μὴ
848 3641 995 3713 σιαμὲνων
1020 3638 1432 3715 οἴτεμὴέπισταμὲνους

215 3720 472 3787 επισταμενρν
499 3704 716 3783 ,ruanis-zoi
743 3730 798 3763 τοι·
849 3711 1029 3783 κυβερνᾶν
1071 3714 1202 3783 σῴζειν
1248 3711 1430 3784 εὔχεσθαι

216 3791 288 3821 narra
306 3790 382 3844 παρα
400 3791 457 3823 τοιν
474 3776 799 3862 θεοινρτυνθανομένους
849 3779 914 3835 aar]
921 3801 935 3839 ς
959 3779 1214 3859 κυβερνῶντας
1240 3822 1335 3835 ......
1355 3779 1430 3855 παρὰ

699 3846 704 3860 Ι

215 3834 401 3922 ἆθὲμῦιστα
429 3847 523 3893 ποιεῖν
552 3849 656 3911 ηγεῖτο·
687 3865 740 3917 εφη
769 3847 798 3900 δὲ
848 3846 902 3921 γὰρ
922 3845 987 3908 τοὺς
1013 3868 1067 3899 τον
1092 3848 1169 3900 θεοῖν
1195 3847 1319 3921 θεσμοὺς
1337 3854 1428 3903 πάντα
1472 3895 1474 3901 .

215 3907 282 3971 δεῖν,
303 3930 319 3958 α
337 3907 391 3980 μὲν
408 3907 558 3980 μαθόντας
581 3920 676 3993 ιποιεῖν
693 3914 799 3968 ἔδωκαν
848 3918 1009 3970 τὰτοιαῦτα
1028 3913 1109 3970 εἶναι’
1129 3913 1313 3976 τούςδὲάθέ
1348 3939 1430 3972 ιστα

218 3977 245 4028 οἱ
273 3979 338 4029 θεοὶ
367 3979 546 4062 μανθάνειν,
576 3975 645 4034 aas*
663 3979 702 4053 μὴ
731 3985 797 4055 δῆλα
849 3984 1018 4073 εὖχομένους
1032 3980 1132 4070 ὁμοίως
1147 3985 1256 4056 ἔφησθα
1269 3986 1431 4048 εἰκοςεὶναι

213 4051 272 4104 τοῖς
297 4047 456 4118 ἀνθρωποις
473 4050 547 4113 εστι,
575 4051 732 4121 πειρᾶσθαι
751 4051 797 4106 διὰ
848 4076 923 4129 παρα
944 4056 1021 4109 θεοῖν
1039 4061 1160 4126 ατυχεῖν.

215 4114 354 4184 μαντικῆς
372 4111 448 4187 παρὰ
476 4116 532 4168 τοῖν
559 4118 637 4172 θεοῖν
656 4122 798 4176 πυνθάνε-

214 4188 291 4265 qdod
319 4179 404 4243 τοὺς
434 4181 547 4244 θεοὺς
577 4183 645 4259 γὰρ
671 4184 726 4252 οἷς
757 4189 798 4245 ἄν
857 4191 989 4258 ηΙ,6,46,
1016 4191 1099 4242 θεοὶ
1118 4232 1193 4244 .....
1214 4184 1432 4250 οἶςᾶνῗλεω

214 4269 296 4303 ωσιν
314 4251 411 4326 ἵλεῳ,
433 4255 641 4325 σημαίνειν.
848 4257 924 4325 ω’σι,
952 4261 1289 4330 προσημαίνουσιν,
1310 4243 1430 4334 ἅτεχρῆ

846 4335 941 4382 ποιεῖν
959 4329 1006 4381 καὶ
1025 4322 1043 4380 α’
1061 4323 1095 4381 ου’
1108 4325 1171 4402 χρή.
