2964 4980
322 469 351 522 in
372 470 524 525 comment.

160 556 314 624 Xenophon
333 555 417 609 verba
436 555 503 609 facit
521 555 554 608 de
573 554 692 610 Socrate.

363 639 383 702 Ι,
405 641 426 701 1,
448 641 488 694 19.

176 726 234 776 Καί
253 720 307 794 γὰρ
334 721 531 795 ἐπιμελεῖσθαι
556 718 643 780 θεοὺς
662 719 718 774 ἐνό-

135 797 217 862 μιζεν
242 795 409 864 ἀνθρώπων,
438 788 547 876 οῦχῖῦν
572 793 673 862 τρόπον
692 791 718 842 οἱ

136 862 234 913 πολλοὶ
261 864 433 932 νομίζουσιν·
471 878 547 912 ουτοι
582 858 636 931 μὲν
662 854 717 930 γὰρ

138 929 248 981 οἴονται
274 933 336 988 τούς
360 926 446 987 θεοὺς
472 925 505 980 τὰ
553 927 583 980 ἐν
604 927 717 989 εἰδέναι,

137 993 171 1048 τὰ
207 993 235 1048 δ’
268 993 318 1050 οῦκ
352 997 463 1050 εἰδέναι
506 949 654 1068 Σλόκρότης
688 996 718 1048 δέ

135 1059 717 1136 πιόνταμένἦγεῖτοόεοῦςείδέναι,

136 1136 170 1184 zu
189 1152 220 1186 τε
240 1135 378 1205 λεγόμενα
397 1136 445 1185 καί
470 1135 646 1205 πραττόμενα
672 1135 718 1185 καὶ

136 1197 170 1253 τό
196 1201 263 1275 σιγῇ
288 1204 489 1272 βουλευόμενα,
521 1200 664 1286 πανταχοῦ
688 1200 718 1253 δέ

137 1277 271 1340 παρεῖναι
296 1272 342 1323 καί
360 1273 510 1358 σρμαίνειν
534 1277 590 1328 τοῖς
609 1266 716 1340 ανθρώ-

137 1357 202 1396 ποις
221 1341 285 1408 περὶ
304 1338 358 1391 τῶν
376 1341 557 1409 ανόρωπείων
575 1340 692 1391 πάντων.

173 1407 207 1459 of.
225 1424 306 1475 porro
327 1407 347 1468 Ι,
365 1408 449 1474 4,15.
487 1401 555 1459 ὅταν
572 1407 718 1478 πέμπωσιν

136 1469 228 1546 ὥσπερ
246 1476 289 1526 σοί
307 1471 361 1549 φῂς
378 1474 501 1561 πέμπειν
520 1470 626 1538 αὐτούς,
650 1492 716 1545 συμ-

136 1544 259 1610 βοόλους,
286 1537 422 1613 ότιχρη
447 1549 573 1595 ποιεῖν
591 1544 651 1594 καί
670 1539 715 1612 μὴ

135 1629 268 1663 ποιειν.

332 1681 361 1733 et
379 1679 424 1742 IV,
443 1677 523 1741 3,12.

172 1744 225 1796 Σοὶ
243 1740 273 1795 δ’
291 1744 358 1817 ἐφη,
380 1733 401 1798 ai
420 1747 574 1818 Σώκρατες,
594 1743 717 1800 ἐοίκασιν

137 1811 180 1863 ἔτι
206 1813 391 1886 φιλικώτερον
416 1811 432 1884 ἢ
457 1823 514 1873 τοῖς
540 1812 632 1873 ι’ίλλοις
650 1816 715 1902 χρῆ-

137 1886 217 1944 σθαι,
246 1881 324 1949 εἴγε
341 1882 412 1954 μηδὲ
431 1881 640 1954 ἐπερωτώμενοι
663 1885 716 1938 υπό

135 1946 715 2027 σουπροσημαίνουσίσοιἅτεχρὴ

134 2024 264 2070 ποιεῖν
283 2021 345 2071 καὶ
363 2015 380 2071 ii
396 2018 450 2091 μή.

944 467 974 521 in
992 467 1058 536 Gyri
1077 468 1163 522 inuis.

785 553 859 609 Dieit
877 553 1025 621 Cambyses
1062 556 1122 608 ater
1140 554 1169 607 in
1187 555 1322 624 colloquio

863 638 925 676 cnm
944 623 1014 690 (tyro
1064 621 1104 675 'oz
1124 623 1144 685 Ι,
1165 624 1189 690 6,
1209 624 1251 676 46.

803 709 886 759 θεοί
903 707 941 772 δέ,
960 695 1051 772 uincti,
1071 703 1116 760 cisi
1134 705 1214 766 όντες
1231 705 1348 759 πάντα

768 775 865 827 ἴσασι
883 777 961 828 τότε
995 775 1153 860 εμενημένα
1166 771 1263 828 καὶτὰ
1281 773 1348 827 όντα

769 847 823 905 καί,
852 839 874 906 ό,
900 863 927 895 τι
953 793 994 901 ἐξγ
1007 847 1123 896 εκιίστου
1141 840 1232 896 αῦτιῦν
1250 840 1347 912 ἀποβή-

768 930 862 974 σεται,
887 915 934 964 καί
952 913 1006 964 τῶν
1023 912 1286 983 συμβουλευομένων
1303 907 1348 962 cir·

768 981 888 1050 όριόπων
906 975 947 1037 οἷς
972 977 1009 1032 τίν
1029 981 1093 1051 ἵλεῳ
1116 977 1195 1044 ὠσιν,
1223 998 1347 1051 προση-

767 1050 967 1132 μαίνουσιν
986 1043 1130 1119 ἅτεχρὴ
1149 1049 1349 1101 ποιεῖνκαί

768 1137 934 1189 αουχρφ

803 1185 932 1240 Iisdem
969 1187 1046 1240 fere
1082 1185 1202 1239 verbis
1228 1183 1348 1237 utitur

767 1253 924 1374 {orli2ptor
942 1260 1025 1324 atque
1050 1255 1079 1307 in
1098 1255 1248 1307 Oomment.
1267 1253 1284 1304 l.
1303 1252 1347 1320 lv,

218 2110 335 2183 Quibus
357 2132 395 2175 ex
418 2113 492 2175 loeis
513 2113 588 2191 quid
612 2116 795 2180 concludere
819 2119 983 2196 possimus,
1011 2124 1121 2197 posteo
1145 2133 1344 2194 exponemus,

325 2215 354 2269 in
371 2216 523 2271 comment.

205 2386 329 2440 Socrates
354 2387 513 2456 depingitur
531 2390 551 2451 Ι,
570 2390 595 2456 2,
614 2392 638 2443 4,

167 2465 239 2522 Ἀλλὰ
254 2467 312 2541 μὴν
330 2473 440 2524 καὶτοῦ
453 2471 578 2544 σώματος
591 2477 669 2534 αὐτός
684 2494 714 2528 τε

134 2535 187 2590 οῦκ
215 2535 310 2610 ἡμέλει
336 2543 443 2607 τοόςμδ
468 2542 639 2612 ἀμελοῦντας
664 2539 713 2596 οῦκ

133 2604 242 2681 ἐπῄνει.
266 2603 711 2683 Τόμένοόνῦπερεσθίοντα

131 2670 304 2746 ὑπερπονεῖν
323 2676 520 2748 ἀπεδοκίμαζε,
545 2675 575 2730 τό
594 2679 637 2746 δέ,
663 2675 712 2732 ὅσα

131 2740 159 2812 γ’
191 2737 275 2812 ἡδέως
307 2739 324 2813 ἤ
358 2740 432 2816 ψυχὴ
469 2746 592 2816 δέχεται,
627 2748 713 2800 ταῦτα

131 2811 234 2870 ἱκανῶς
249 2810 424 2864 ἐκπονεῖν
438 2810 589 2897 ἐδοκίμαζε·
610 2814 713 2896 ταότιρν

131 2875 187 2951 γὰρ
208 2875 259 2949 τὴν
277 2878 336 2937 ἕξιν
361 2875 540 2963 ῦγιεινιρν
559 2901 595 2936 τε
613 2885 714 2944 ίκανως

132 2944 208 3000 εἶναι
236 2949 284 3000 καί
302 2945 353 3018 τὴν
372 2948 421 3036 τῆς
439 2959 531 3021 ψυχης
549 2949 713 3022 ἐπιμέλειαν

132 3013 184 3068 οῦκ
202 3013 361 3087 ἐμποδίζειν
384 3037 445 3087 εφη.

165 3106 257 3161 Verba
274 3108 341 3163 facit
358 3110 528 3178 Xenophon,
554 3113 586 3164 ut
609 3112 711 3167 refutet

129 3180 314 3230 accusatorem
324 3196 330 3229 :

358 3262 379 3330 Ι,
398 3262 422 3324 2,
443 3261 483 3316 10.

165 3342 220 3415 ἐγὼ
234 3346 262 3397 δ’
277 3343 356 3417 οἶμαι
371 3343 436 3406 τοὺς
448 3346 584 3420 φρόνησιν
599 3349 711 3402 ἀσκοῦν-

130 3431 180 3473 τας
199 3416 246 3465 καὶ
271 3417 434 3485 νομίζοντας
457 3413 571 3476 ίκανοῦς
595 3416 710 3470 ἔσεσθαι

130 3481 163 3533 τὰ
180 3482 357 3554 συμφέροντα
367 3482 510 3537 διδάσκειν
525 3481 588 3543 τοῦς
597 3487 711 3543 πολίτας

132 3568 231 3637 piccuto
260 3553 413 3619 γίγνεσθαι
440 3555 561 3622 βιαίους,
596 3552 711 3616 εἰδότας,

127 3636 176 3671 οτι
196 3618 228 3693 τῇ
244 3618 299 3690 μέν
317 3622 361 3689 βίᾳ
383 3619 528 3691 πρόσεισιν
547 3621 647 3693 ἔχθραι
666 3622 713 3673 καί

129 3686 270 3751 κίνδυνοι,
295 3684 342 3739 διὰ
369 3687 399 3740 δὲ
424 3688 474 3741 τοῦ
493 3691 611 3742 πείθειν
635 3686 712 3741 ιίκιν·

130 3754 218 3814 δόνως
251 3774 282 3808 τε
318 3757 365 3808 καί
397 3753 471 3827 μετὰ
506 3759 601 3823 φιλίας
628 3754 712 3810 ταύτὰ

131 3826 270 3893 γίγνεται·
291 3825 317 3875 oi
339 3823 394 3894 μέν
418 3820 474 3896 γὰρ
493 3826 660 3894 βιασθέντες
678 3822 714 3886 ὥς

129 3892 337 3964 ἀφαιρεθέντες
363 3892 508 3964 μισοῦσιν,
543 3895 570 3945 οἱ
595 3893 625 3946 δέ
652 3913 714 3946 πει-

130 3960 249 4019 σθέντες
267 3956 303 4020 ὦς
321 3961 518 4032 κεχαρισμένοι
535 3961 674 4028 φιλοῦσιν.

165 4053 336 4106 Sententiam
356 4052 494 4119 quandam
515 4053 645 4121 proponit
656 4054 708 4107 Xe·

128 4121 250 4189 nophon.

358 4205 381 4269 Ι,
400 4206 424 4269 2,
445 4208 484 4260 19,

158 4286 237 4349 Ἴσως
263 4277 314 4344 οῦν
342 4289 451 4343 εἴποιεν
477 4287 512 4344 ἂν
535 4293 632 4345 πολλοὶ
659 4290 713 4345 τιῦν

943 2223 973 2276 in
991 2222 1056 2291 Gyri
1073 2221 1163 2275 instit.

804 2388 877 2441 Dicit
895 2387 981 2455 Cyrus
999 2387 1032 2440 de
1051 2403 1079 2439 se
1097 2385 1154 2454 ipse
1172 2385 1193 2447 l,
1212 2385 1236 2452 6,
1257 2386 1297 2437 17.

799 2473 914 2543 Πριῦτον
931 2474 986 2543 μὲν
1002 2467 1035 2542 νὴ
1055 2473 1107 2523 Δία
1134 2470 1274 2541 πειρῶμαι
1292 2490 1343 2540 μη·

762 2541 861 2593 δέποτε
879 2536 1228 2615 ῦπερπίμπλασθαι’
1248 2536 1345 2604 δυ’σφο-

762 2630 813 2678 ρον
831 2609 894 2683 γιίρ·
914 2609 1014 2664 ἔπειτα
1034 2609 1063 2663 δὲ
1082 2606 1222 2663 ἐκπονῶ
1241 2602 1273 2659 τὰ
1294 2607 1345 2660 εἰσ-

764 2681 856 2731 ιόντα·
892 2673 965 2732 οῦτω
992 2678 1048 2751 γάρ
1081 2700 1132 2751 μοι
1159 2677 1239 2729 δοκεῖ
1270 2669 1286 2762 ᾖ
1314 2695 1345 2729 τε

763 2741 778 2798 ό
786 2750 823 2816 yi
831 2766 888 2799 εια
894 2745 1012 2831 μᾶλλον
1020 2748 1197 2820 παραμένειν
1212 2746 1258 2797 καί
1271 2741 1344 2817 ισχῦς

762 2821 984 2887 προσγενεσόαι.

927 3113 1001 3166 Dicit
1019 3113 1172 3181 Cambyses.

987 3263 1007 3331 Ι,
1026 3265 1051 3331 6,
1071 3262 1113 3315 21.

795 3390 905 3404 .......
926 3347 972 3402 ἐπὶ
990 3347 1020 3400 δέ
1038 3344 1068 3400 τό
1095 3354 1223 3419 κρεῖττον
1242 3349 1340 3400 τούτου

760 3421 836 3485 πολύ,
850 3414 881 3470 τό
898 3417 1012 3477 ἑκόντας
1025 3420 1189 3480 πείθεσθαι,
1205 3413 1271 3485 ἄλλη
1283 3414 1340 3468 ἐστι

760 3486 962 3557 συντομωτέρα.

795 4050 869 4103 Dicit
888 4051 973 4117 Cyrus
991 4048 1020 4100 in
1038 4048 1162 4102 oratione
1180 4047 1216 4101 ad
1240 4047 1342 4101 amicos

760 4120 794 4174 de
812 4119 957 4187 disciplina
974 4133 1116 4186 procerum
1142 4114 1342 4169 constituenda.

968 4201 1030 4270 vu,
1049 4202 1073 4265 5,
1094 4202 1135 4255 τε.

796 4331 838 4344 ...
859 4283 926 4340 ἀλλὰ
944 4281 1034 4361 ὥσπερ
1049 4288 1096 4339 καί
1108 4287 1137 4340 αἱ
1151 4281 1233 4339 ἄλλαι
1248 4285 1344 4358 τέχναι
