2964 4980
719 313 759 374 29

128 485 228 549 silium
253 487 292 548 ut
321 485 404 550 cives
433 486 495 549 tuti
521 488 684 569 securique
714 488 779 552 sint
807 505 826 552 a
852 487 948 551 servis
977 488 1197 568 maleficisque.
1247 490 1345 566 Quam

129 574 231 633 autem
249 567 425 648 Xenophon
442 571 589 634 metuerit
604 571 774 635 seditiones
790 588 960 649 servorum,
978 588 1072 651 quam
1087 572 1227 635 omnihus
1246 571 1345 635 modIs

129 649 304 715 cavendum
327 651 485 714 censuerit
506 669 546 714 ue
568 652 641 733 quid
659 654 700 716 ab
721 652 783 718 Illis
805 661 948 717 oreretur
967 652 1109 733 periculi,
1133 653 1345 735 Cyropaediae

129 733 300 797 lectoribus
323 733 520 796 notIssimum
538 739 617 798 est«.

210 815 415 895 Quapropter
442 833 505 878 uon
536 816 661 897 dubito,
716 817 769 880 uin
794 815 989 896 Gyropaedia
1011 823 1086 881 ante
1107 818 1259 897 libellum,
1293 819 1345 901 qui

128 898 224 962 HIero
247 897 439 977 inscribitur,
461 899 578 978 scripta
600 900 651 964 sit.
740 917 865 979 mperes
887 916 983 978 porro
1006 898 1091 964 locos
1114 899 1187 964 bos:

388 1001 499 1058 Hieron.
858 1003 1009 1074 Gympaed.

397 1089 446 1169 Vl,
472 1094 519 1154 12.
874 1089 897 1169 l,
919 1094 949 1168 4,
972 1093 1022 1152 25.

381 1170 445 1250 vu,
468 1177 498 1235 a.
823 1171 898 1252 vrri,
923 1175 950 1250 r,
978 1175 1022 1234 ro.

391 1252 443 1334 IX,
460 1255 491 1334 d,
511 1258 538 1319 5.
877 1253 900 1332 l,
924 1257 952 1330 6,
975 1256 1023 1318 20.

393 1335 445 1417 XI,
473 1342 518 1398 13.
780 1334 855 1409 VHI,
879 1341 907 1414 2,
933 1340 969 1398 16
992 1342 1025 1398 et
1046 1334 1086 1398 al.

214 1441 336 1516 Quibus
359 1442 480 1506 collatis
502 1442 668 1522 apparebit
690 1443 862 1505 sententias
885 1442 966 1505 etin
990 1444 1124 1506 Hierone
1146 1443 1228 1506 etin
1252 1443 1346 1523 (lyro-

128 1524 244 1606 paedia
265 1524 432 1589 admodum
455 1544 524 1588 esse
546 1524 670 1590 similes

215 1607 333 1684 Quodsi
348 1607 502 1671 deliberas
514 1625 577 1688 quo
595 1613 732 1687 tempore
747 1606 937 1685 compositus
950 1606 992 1670 sit
1008 1605 1047 1668 de
1061 1606 1197 1670 Hierone
1215 1607 1347 1688 libellus

130 1690 184 1755 hic
206 1689 352 1753 HieronIs
372 1688 455 1754 Iocus
476 1691 525 1764 ΙΙΙ,
549 1694 566 1752 3
586 1690 617 1752 in
640 1697 782 1770 promptu
805 1694 867 1753 est:
900 1687 940 1752 ου’
961 1693 1023 1769 μὲν
1044 1689 1085 1772 δή
1108 1688 1249 1794 λέληθεν
1272 1689 1349 1753 οὐδὲ

129 1772 190 1844 τοὶς
211 1769 341 1849 πόλεις,
364 1769 414 1835 ὅτι
434 1773 454 1855 ἡ
477 1772 569 1853 φιλία
590 1779 743 1852 μέγιστον
764 1772 896 1852 α’γαθόν
924 1773 979 1835 καὶ
1000 1769 1135 1854 ἥδιστον
1156 1772 1349 1852 comprimere

131 1854 222 1917 ἐστὶ·
246 1871 377 1932 quocum
401 1873 560 1934 compares
579 1872 704 1935 quaeso,
727 1854 809 1933 qood
834 1855 865 1917 in
880 1853 1048 1918 Conrnrent.
1068 1855 1102 1929 ΙΙ,
1117 1858 1145 1931 6,
1166 1858 1203 1919 ta
1226 1857 1350 1919 eliserat

130 1936 317 2014 Xenophon.
361 1935 452 2000 Certe
482 1940 513 2000 in
538 1937 671 2000 Hierone
704 1944 815 1999 auctor
841 1937 882 1999 ad
913 1937 1022 2001 foedus
1044 1936 1084 2000 ab
1109 1938 1348 2002 Atheniensibus

131 2038 161 2083 a6
182 2021 242 2081 369
266 2035 335 2080 cum
358 2018 611 2083 Lacedaemoniis
630 2020 747 2082 facturn
769 2018 889 2082 alludit.

218 2100 358 2165 Alteram
381 2118 456 2165 vero
487 2101 637 2182 temporis
660 2100 870 2164 constituendi
902 2118 1009 2165 ansam
1029 2101 1159 2180 praebet
1177 2100 1295 2167 Birtius
1319 2101 1348 2163 iu

133 2183 302 2246 sententiis
332 2184 541 2247 controversIs
570 2183 784 2247 dissertationi
813 2183 860 2264 ,de
883 2184 1052 2246 Irexametr.
1075 2183 1172 2246 latin’.
1195 2184 1349 2247 atliunctis

136 2265 212 2346 (IV).
250 2265 328 2327 Nam
351 2265 431 2346 quod
455 2267 485 2329 iu
510 2267 637 2329 Hieron.
661 2266 709 2346 Ill,
727 2269 761 2328 8:
786 2264 897 2327 multos
921 2272 1068 2344 tyrannos
1090 2283 1108 2326 a
1133 2266 1196 2327 suis
1211 2267 1347 2345 ipsorum

134 2347 282 2411 uxoribus
301 2365 370 2410 esse
390 2349 580 2427 interlectos
599 2347 781 2428 explicatur,
802 2345 1006 2424 sIgnilicatam
1032 2365 1102 2408 esse
1119 2354 1212 2426 putat
1234 2347 1281 2408 vIr
1297 2346 1349 2409 ille

134 2429 331 2492 doctissimus
351 2429 519 2493 Alexandri
532 2430 659 2492 Pheraei
678 2447 784 2492 necem
804 2429 834 2490 in
853 2428 973 2493 Hellen.
987 2428 1034 2508 VI,
1049 2435 1077 2506 l,
1089 2433 1127 2491 35
1146 2437 1349 2493 memoratam

133 2529 213 2592 quae
235 2529 263 2574 a.
288 2516 346 2574 359
368 2518 551 2593 perpetrata
566 2511 659 2593 est1).
704 2511 863 2575 Idcirco
886 2511 1063 2575 libellus
1083 2530 1184 2576 anno
1208 2517 1266 2575 3:39
1287 2511 1348 2574 rel

135 2598 195 2657 358
216 2595 466 2673 compositus
489 2601 570 2676 est,
591 2595 639 2658 cui
663 2594 839 2658 sententiae
862 2595 1004 2673 equidem
1027 2593 1161 2658 libenter
1183 2595 1350 2659 assentior.

595 2782 885 2791 —-——-————

692 2921 763 2985 Ι.ΙΙ.

194 3049 244 3114 De
265 3048 475 3115 Antisthenis
496 3049 611 3134 (lybici
634 3049 796 3126 doctrina,
826 3049 905 3132 quid
924 3047 1011 3131 apud
1032 3049 1283 3132 Xenophontem

667 3157 822 3223 valuerit.

222 3283 439 3348 Ferdinandus
462 3285 606 3350 Ranltins
635 3288 665 3349 in
696 3287 955 3350 commentatione
985 3285 1022 3348 de
1044 3284 1260 3366 Xenophontis
1289 3286 1354 3347 vita

134 3370 168 3428 et
200 3366 324 3445 sculptis
359 3386 388 3430 a.
423 3367 453 3430 h.
489 3386 512 3430 s
544 3374 577 3429 dl
623 3369 710 3431 edita
754 3369 902 3432 iudicavit
933 3368 1005 3431 olim
1046 3376 1111 3447 (pg.
1148 3369 1214 3450 ltl:
1248 3368 1355 3430 »deest

135 3446 354 3528 Xenophonti,
386 3456 422 3512 ut
452 3468 488 3513 ex
512 3451 598 3512 libris
620 3451 687 3514 nius
717 3456 823 3530 patet,
855 3456 1001 3513 accurata
1031 3450 1221 3529 reliquorum
1257 3449 1356 3531 pbilo-

138 3528 307 3609 sophorum
341 3532 495 3611 cognitio,
535 3551 616 3612 quae
653 3533 691 3594 ad
732 3551 782 3596 res
814 3532 1004 3610 singulorum
1039 3541 1122 3594 recte
1148 3533 1357 3596 aestimandas

138 3613 310 3692 requiritur
339 3615 545 3678 necessario«
590 3616 660 3679 Non
687 3616 839 3679 divinavit
865 3614 975 3677 doctus
997 3611 1049 3675 ille
1069 3613 1132 3690 vir,
1164 3621 1357 3695 quantopere

139 3696 305 3773 ignoraret
329 3696 578 3778 Xenophontem.
633 3698 693 3761 Sed
716 3698 770 3761 lux
801 3698 939 3777 posteris
970 3713 1094 3776 quoque
1117 3696 1268 3760 effulsisse
1299 3716 1358 3760 nou

138 3776 277 3856 videtur,
303 3783 338 3841 ut
359 3779 390 3840 iu
413 3779 467 3842 illa
485 3781 642 3844 sententia
660 3781 884 3862 acquieverim.
930 3777 1165 3842 »Prometheam
1188 3797 1259 3842 vero
1281 3780 1359 3841 sciu-

139 3858 259 3922 tillama
285 3862 405 3923 invenit
427 3861 560 3926 Carolus
572 3862 794 3926 Reiubardtius
816 3864 847 3925 in
871 3863 1105 3942 dissertatione,
1127 3861 1177 3924 cui
1199 3861 1359 3940 inscripsit

138 3940 186 4022 ,de
209 3941 359 4005 Isocratis
381 3943 520 4007 aenrnlis'
550 3944 679 4008 Bonnae
705 3950 795 4009 1873.
845 3944 905 4008 Ubi
933 3943 1018 4005 inter
1038 3944 1215 4007 sententias
1238 3951 1359 4007 contro-

139 4041 249 4086 versas
279 4024 483 4107 disputationi
516 4027 680 4091 adiunctas
713 4026 789 4091 haec
824 4044 945 4107 quoque
980 4023 1069 4087 nobis
1105 4028 1241 4090 occurrit
1277 4025 1360 4106 (Vllt

142 4105 379 4187 »XenophontIs
398 4109 612 4172 memorabilia
629 4127 691 4172 non
707 4109 804 4173 solum
821 4107 1002 4172 defendendi
1020 4105 1171 4187 Socratis,
1194 4109 1248 4172 sed
1265 4108 1359 4173 etiam

211 4282 236 4352 1)
256 4284 388 4355 Inspicias
413 4286 492 4343 Diod.
511 4288 585 4357 XVI,
602 4289 649 4352 14;
677 4308 793 4359 quocum
823 4304 962 4359 compares
987 4289 1019 4343 A.
1039 4288 1179 4344 Schaeferi
1203 4289 1303 4342 librum
1328 4286 1362 4341 de

139 4352 280 4411 hemona.
298 4359 320 4409 t.
339 4355 361 4425 I,
381 4355 430 4410 133
450 4357 512 4412 adn.
532 4358 556 4412 2.
