2964 4980
733 320 768 380 ΙΙ

227 493 366 573 Agedum
388 495 467 572 ride,
497 511 590 575 quam
615 493 724 556 similis
751 495 791 557 sit
814 500 847 557 et
870 495 972 558 verbis
992 500 1026 558 ct
1048 495 1205 558 sententia
1228 500 1360 575 uterque

139 580 246 658 locus3
268 577 322 639 sed
343 596 411 639 cum
427 579 459 639 in
472 576 640 639 Commeat.
663 575 738 639 illud
757 575 898 659 ἡνιοχεῖν
912 577 1102 657 respondeat
1118 577 1187 640 voci
1204 574 1360 641 ἱππεύειν

142 663 171 724 in
198 662 329 739 Cyrop,
352 660 426 721 illud
450 663 619 739 κυβερνᾶν·
635 659 823 736 respondeat
845 659 909 722 voci
939 663 1109 739 κυβερνᾶν,
1139 664 1250 722 contra
1272 661 1360 724 addit

140 745 276 822 scriptor
298 743 327 804 io
353 741 547 821 Cyropaedia
567 738 729 818 τοξεύειν,
756 747 792 802 ut
813 740 978 803 Persarum
1001 759 1116 803 morem
1141 741 1283 819 designet
1305 742 1357 824 (cf.

140 825 255 903 Cyrop.
272 824 296 902 I,
315 827 342 889 2.
361 827 388 886 8.
413 824 496 902 πρδς
517 823 554 883 δὲ
575 819 702 893 τούτοις
720 820 935 902 μανθάνουσι
956 823 1010 883 καὶ
1027 820 1175 896 τυξεάειν
1189 823 1243 885 καὶ
1265 825 1358 887 α’κυν-

138 909 261 983 τίζεινΙ.
316 905 492 967 Memorato
515 922 607 982 porro
631 904 755 980 dignum
778 912 826 967 est
856 905 1038 968 vocabulum
1068 905 1209 987 ἠνιοχεῖν
1231 907 1261 968 in
1283 905 1358 987 Cyri

139 989 342 1051 institutione
364 993 517 1049 mutatum
540 1004 609 1049 esse
630 987 660 1048 in
685 983 857 1065 ἱππεύειν,
878 988 963 1066 quia·
976 987 1087 1050 nobilis
1110 988 1238 1068 quidam
1261 988 1357 1051 Persa

140 1072 273 1149 eiusque
302 1067 383 1131 filius
412 1069 647 1147 colloquuntur,
677 1069 729 1148 qui
754 1076 838 1133 certe
860 1070 990 1147 aurigae
1014 1086 1141 1132 munere
1166 1087 1226 1132 non
1250 1069 1352 1148 iunge

139 1152 266 1215 bantur.
309 1150 428 1227 Quibus
444 1150 586 1213 omnibus
604 1151 753 1228 respectis
771 1169 861 1213 nemo
877 1149 1045 1227 dubitabit,
1066 1152 1141 1230 quin
1157 1150 1356 1231 Xenophonti

138 1235 170 1297 in
195 1232 390 1312 Cyropaedia
413 1230 708 1295 Commentariorum
731 1233 817 1295 locus
838 1233 1023 1296 obversatus
1047 1235 1097 1296 sit.

225 1331 343 1394 Ultima
365 1348 438 1394 vero
460 1329 648 1411 paragraphi
672 1329 753 1394 illius
777 1332 872 1394 verba
893 1331 1001 1408 (Mem.
1023 1332 1047 1409 i,
1069 1338 1093 1410 l,
1111 1332 1144 1408 9)
1174 1333 1354 1412 scriptorem

138 1413 487 1559 irrirbfflisigesrtiatgtione
509 1429 676 1493 usurpasse
698 1420 792 1494 atque
814 1414 1022 1493 amplificasse
1053 1433 1113 1477 non
1137 1421 1186 1478 est
1214 1434 1268 1479 cur
1288 1415 1356 1494 plu-

224 1672 326 1736 Alium
357 1690 429 1734 vero
458 1673 630 1750 exprimam
659 1672 760 1736 locum
788 1677 873 1736 certe
902 1672 1147 1751 memorabilem,
1176 1692 1269 1757 quem
1292 1675 1353 1738 iam

139 1762 236 1818 antea
265 1754 386 1817 exhibui
408 1758 470 1833 (pg.
493 1755 535 1829 6).
586 1755 668 1817 Dicit
698 1756 778 1818 enim
801 1754 975 1834 Xenophon
997 1755 1028 1818 in
1053 1753 1352 1820 Commentariorum

139 1838 159 1901 Ι.
183 1837 221 1918 ΙΙ,
241 1841 270 1914 2,
290 1841 325 1898 13
350 1838 389 1898 de
413 1837 645 1898 Atheniensium
666 1837 808 1900 civitate:
843 1835 864 1918 ἡ
886 1834 1008 1909 πόλις
1029 1831 1156 1920 άλλης
1176 1842 1237 1917 μὲν
1259 1839 1353 1918 α’χα-

138 1923 310 1998 ριστίας
343 1918 547 1997 ου’δεμιάς
579 1919 782 1997 ἐπιμελεῖται
813 1919 911 1982 ου’δὲ
944 1918 1117 1995 δικάζει.
1172 1921 1283 1984 Nonne
1312 1922 1352 1984 ad

140 2001 224 2064 illum
248 2001 347 2064 locum
371 2000 496 2063 videtur
516 2000 657 2064 alludere
679 2002 831 2081 scriptor,
854 2018 922 2063 cum
944 2001 975 2062 in
999 2000 1111 2081 Cyrop.
1135 2002 1159 2082 Ι,
1176 2003 1239 2082 2,8
1261 2021 1353 2082 prae-

141 2083 244 2146 dicat:
276 2082 490 2160 δικάζουσι
516 2082 560 2143 δὲ
589 2083 656 2144 καὶ
677 2082 889 2163 ἐγκλήματος,
922 2071 963 2145 οδ
991 2083 1086 2145 ἕνεκα
1108 2079 1284 2164 ἄνθρωποι
1301 2108 1352 2164 μι-

142 2169 239 2228 σοῦσι
256 2169 317 2244 μὲν
331 2163 477 2248 άλλήλυις
491 2163 647 2244 μάλιστα,
670 2163 855 2241 δικάζονται
875 2166 913 2226 δὲ
932 2161 1060 2248 ἥκιστα,
1083 2167 1107 2228 ά
1114 2169 1353 2247 χαριστίαςῖ

142 2246 246 2309 Verba
270 2247 382 2308 δὲκαὶ
404 2247 547 2308 nimirum
571 2248 748 2325 exprimunt
770 2252 1056 2326 exaggerationem,
1086 2249 1192 2328 itaque
1215 2249 1298 2328 quod
1319 2251 1351 2312 in

139 2328 395 2392 Memorabilihus
417 2329 524 2391 deesse
548 2329 677 2392 Athenis
699 2329 838 2407 dixerat,
868 2329 898 2392 id
922 2331 1024 2409 ipsum
1048 2330 1130 2408 apud
1154 2329 1265 2392 Persas
1289 2347 1350 2392 non

139 2411 310 2474 desiderari
333 2412 465 2490 scriptor
488 2416 649 2472 memorat.

220 2510 293 2572 Iure
323 2527 397 2587 ergo
429 2507 613 2571 concludere
644 2509 735 2573 nobis
768 2510 840 2574 licet
864 2510 1165 2574 Commentariorum
1194 2509 1213 2573 l.
1237 2511 1249 2573 Ι
1272 2516 1305 2573 et
1325 2511 1351 2572 ΙΙ

137 2595 213 2654 ante
235 2590 307 2669 Cyri
325 2590 552 2655 institutionem
573 2609 642 2655 esse
663 2593 808 2672 scriptos.

599 2739 888 2752 ———

221 2817 281 2882 Sed
304 2837 469 2898 pergamus
491 2838 572 2884 nunc
594 2822 634 2884 ad
657 2822 899 2889 considerandas
921 2823 1104 2900 sententias,
1127 2840 1207 2902 quae
1222 2820 1347 2884 eaedem

137 2899 284 2978 leguntur
306 2902 336 2963 in
349 2901 650 2965 Commentariorum
673 2903 753 2966 libro
779 2904 873 2967 tertio
889 2914 984 2985 atque
1004 2905 1033 2965 in
1050 2903 1121 2983 Cyri
1138 2903 1348 2967 institutione.

219 2997 388 3062 Commune
417 3001 490 3079 quid
520 3001 636 3064 habent
665 3001 684 3064 l.
707 3003 747 3065 ΙΙΙ
777 3021 802 3066 c.
828 3005 906 3064 1-7
916 3026 923 3076 ;
956 3002 1108 3081 colloquia
1137 3003 1236 3076 enim,
1267 3018 1348 3082 quae

139 3087 259 3159 septem
281 3081 329 3144 his
352 3082 504 3161 capitibus
526 3091 708 3162 narrantur,
741 3084 780 3146 ad
810 3083 896 3147 ducis
919 3084 1048 3146 militum
1080 3085 1348 3162 magistratusque

136 3160 238 3224 officia
253 3164 420 3243 pertinent.
463 3168 566 3245 Atque
582 3166 715 3244 primum
732 3165 855 3244 quidem
872 3172 1046 3247 reputetur,
1063 3165 1145 3244 quod
1164 3167 1194 3226 in
1217 3183 1285 3244 cpp.
1297 3164 1347 3240 ΙΙΙ,

138 3250 152 3306 l
172 3262 217 3323 sq.
240 3243 385 3309 derebus
404 3246 601 3323 militaribus,
622 3248 742 3311 tacticis
760 3249 933 3328 exponitur,
957 3247 1045 3311 idad
1065 3249 1224 3311 Socratem
1238 3263 1342 3310 revera

135 3326 262 3388 minime
290 3328 495 3407 pertinuisse,
529 3336 638 3392 contra
669 3331 744 3392 talia
780 3331 941 3410 aptissime
980 3331 1039 3408 legi
1070 3330 1101 3392 in
1135 3329 1345 3412 Cyropaedia;

134 3409 244 3486 itaque
267 3409 431 3472 verisimile
452 3411 549 3473 videri
570 3418 676 3490 potest
697 3412 773 3476 haec
796 3413 960 3492 postmodo
982 3431 1062 3475 novo
1078 3419 1201 3491 sumpto
1222 3411 1347 3473 exordio

135 3492 166 3553 in
189 3488 405 3554 Memorabilia
427 3492 512 3555 illata
535 3511 602 3556 esse
624 3511 643 3555 a
668 3494 885 3573 Xenophonte,
921 3502 1087 3574 postquam
1118 3493 1204 3555 libris
1224 3493 1236 3554 1
1266 3500 1298 3555 et
1321 3492 1347 3554 ΙΙ

135 3573 274 3716 Socraltis
297 3572 468 3638 doctrinam
500 3575 646 3639 moralem
669 3575 732 3638 fere
756 3577 909 3638 exlrausit.
944 3575 1091 3642 Continet
1113 3576 1193 3637 enim
1212 3574 1289 3637 liber
1309 3573 1347 3636 ΙΙΙ

134 3672 225 3734 ,supp
238 3654 379 3717 ementa'.

216 3754 252 3817 In
275 3753 363 3816 initio
384 3774 460 3821 vero
479 3757 553 3822 libri
566 3757 606 3820 ΙΙΙ
628 3763 730 3821 artem
753 3759 921 3821 exercitum
944 3756 1110 3832 ordinandi
1128 3763 1161 3818 et
1183 3755 1279 3818 aciem
1302 3756 1348 3817 in-

132 3834 275 3899 struendi
297 3840 496 3912 praeclaram
529 3839 611 3902 illam
636 3839 759 3920 quidem
783 3857 853 3902 esse
881 3847 912 3900 ct
933 3836 1039 3901 utilem
1069 3837 1259 3917 explicatum
1291 3836 1347 3899 sed

134 3918 164 3979 in
188 3916 246 3978 hac
265 3915 333 3978 sola
354 3931 425 3986 arte
444 3939 513 3987 non
538 3939 606 3985 esse
630 3923 904 4001 acquiescendum,
927 3919 1034 3982 multis
1056 3920 1138 3981 enim
1161 3918 1230 3981 aliis
1251 3919 1349 3997 iisqne

133 3998 228 4061 multo
252 3998 423 4065 maioribus
447 4004 499 4066 vel
523 4005 601 4066 artis
623 4005 796 4083 praesidiis,
818 4002 867 4066 vel
885 4002 987 4081 animi,
1010 4000 1123 4078 ingenii
1145 3999 1349 4063 facultatibus

134 4081 321 4143 instructum
352 4100 425 4145 esse
460 4084 578 4147 debere
608 4104 693 4163 eum,
728 4086 778 4165 qui
801 4085 873 4148 boni
895 4084 980 4146 ducis
1003 4081 1104 4145 officia
1134 4086 1194 4145 rite
1224 4081 1349 4160 expiere

129 4160 205 4224 velit
222 4161 259 4241 (Ι,
277 4161 316 4245 Ι).
361 4163 520 4244 Magister
544 4173 649 4230 autem
674 4169 801 4247 quidam
821 4167 865 4229 rel
881 4164 1025 4227 militaris
1043 4163 1119 4226 nihii
1136 4164 1221 4227 aliud
1244 4163 1351 4226 docuit

128 4243 189 4307 nisi
209 4244 287 4306 aciei
310 4245 519 4311 instruendae
541 4253 661 4312 artem:
