2964 4980
718 315 756 377 16

308 493 338 547 in
357 491 422 562 Cyri
439 491 526 546 instit.
950 485 980 540 in
1000 487 1151 542 Commeat.

128 578 213 636 δλλὰ
248 579 389 653 μᾶλλον
425 572 486 630 σὺν
529 574 569 650 τῇ
605 569 709 646 erisp-
759 574 895 655 epyecr'c
927 571 966 655 'rie'
994 573 1041 625 καί
1068 566 1153 647 ἡδονῇ
1180 568 1212 624 τὸ
1239 575 1341 645 θηρίον

127 653 240 722 γεσίᾳ.
759 659 840 725 τουτο
877 662 894 692 α
934 660 1017 712 σιμον
1052 642 1100 693 καί
1144 645 1341 715 παραμόνιμόν

759 729 843 763 εστιν.

210 825 268 890 Ηίο
287 846 411 909 quoque
433 826 678 891 Memorabilium
710 826 796 889 locus
819 823 1000 903 explicatior
1028 828 1077 885 est
1112 827 1210 900 atque
1240 823 1340 902 magis

129 909 284 988 expolitus
313 928 407 991 quarn
437 911 467 973 in
500 907 702 990 cyropaedia.
764 907 928 969 Praeterea
961 904 1193 967 animadvertas
1224 922 1342 985 quaeso

129 991 204 1054 illuri
226 991 265 1052 ιδ
287 995 405 1071 θιριόι·
420 992 535 1055 dictum
550 1009 605 1071 pro
621 989 734 1068 amico;
757 988 786 1051 iri
802 1006 864 1068 qua
878 988 916 1050 ile
932 1004 1026 1050 cansa
1043 986 1185 1049 intulerit
1201 988 1343 1067 scriptor,

130 1091 168 1135 ex
189 1071 239 1153 §t
262 1073 448 1152 expleatur.
491 1072 602 1136 Nonne
618 1071 676 1133 hac
699 1088 770 1133 voce
792 1070 894 1150 posita
915 1070 1099 1149 Cynicorum
1117 1087 1203 1132 usum
1222 1069 1343 1133 videtur

131 1172 282 1234 usurpare
303 1154 499 1235 Xenophon?
530 1155 567 1216 ct'.
591 1153 628 1215 H.
651 1151 784 1229 Weber,
807 1152 844 1214 de
866 1151 1001 1215 Senecae
1024 1150 1198 1231 philosophi
1220 1152 1342 1215 dicendi

131 1254 244 1315 genere
266 1236 399 1316 Bioneo‚
428 1237 501 1299 diss.
524 1234 682 1315 Marpurg.
705 1252 733 1296 a.
755 1233 784 1295 h.
806 1251 831 1297 s.
854 1238 892 1296 at
915 1234 991 1296 edit.
1014 1251 1065 1312 pg.
1087 1238 1105 1296 8
1128 1250 1197 1313 sqq.

214 1429 424 1494 Transeamus
447 1432 486 1492 ad
509 1427 805 1492 Commentariorum
828 1427 941 1490 librum
964 1432 1120 1507 quartum.

214 1512 308 1576 Liber
338 1519 471 1591 quartus
498 1509 556 1573 hoc
587 1508 682 1571 habet
705 1510 861 1589 peculiare
890 1510 971 1592 quod
1002 1527 1063 1573 uno
1094 1509 1196 1588 capito
1217 1517 1346 1588 excepto

134 1611 195 1672 quo
216 1593 361 1675 Hippiam
389 1593 505 1656 refellit
534 1596 570 1665 (c.
593 1595 625 1661 ll
651 1591 717 1653 solo
749 1610 818 1654 cum
850 1591 1046 1671 Euthydemo
1078 1591 1224 1654 Socrates
1254 1590 1346 1654 culto·

28 1735 30 1741 .
157 1677 241 1739 nitur
263 1685 295 1738 et
317 1682 432 1738 certam
456 1673 611 1754 quandam
635 1674 716 1735 viam
741 1673 920 1752 disputandi
943 1674 1126 1752 ingreditur.
1167 1675 1241 1752 Agit
1264 1674 1346 1736 enim

133 1697 305 1838 {enophon
329 1757 366 1820 de
383 1763 471 1836 arte,
492 1773 555 1836 qua
581 1754 798 1818 adulescentes
821 1757 934 1818 sensim
956 1756 994 1818 ad
1018 1755 1130 1819 altiora
1153 1755 1277 1833 ducere,
1301 1756 1347 1817 in-

135 1840 306 1903 stitutionis
319 1839 535 1902 necessitatem
552 1835 777 1915 demonstrare,
791 1838 829 1899 acl
843 1837 1050 1916 cognitionem
1063 1839 1121 1916 sui,
1136 1838 1176 1902 ad
1195 1839 1346 1918 pietatem

136 1939 211 1998 erga
241 1921 329 2000 deos,
362 1920 533 1999 iustitiam,
568 1918 807 2000 temperantiam
839 1920 1007 2000 instigare,
1039 1925 1139 1983 artem
1172 1918 1348 1983 disserendi

137 2001 265 2082 docere,
296 2004 334 2066 de
366 2003 497 2065 diversis
525 2002 646 2064 artibus
674 2004 707 2063 et
738 2000 908 2080 disciplinis
939 2001 1079 2065 iudicare
1108 2001 1222 2066 solitus
1254 2002 1349 2066 fuerit

135 2083 289 2148 Socrates.
333 2083 441 2147 Liceat
467 2084 564 2161 igitur
586 2100 653 2145 earn
675 2082 714 2146 ob
738 2101 801 2146 rem
835 2083 948 2147 librum
971 2083 1055 2146 illum
1077 2085 1163 2164 tcaepi
1185 2083 1350 2156 ποιδειάς’

135 2167 294 2228 nominare
317 2172 349 2229 et
371 2165 454 2229 haud
476 2166 541 2228 scio
563 2181 602 2227 an
626 2165 682 2227 sub
705 2182 740 2227 co
763 2166 884 2228 nornine
907 2166 1075 2244 separatim
1098 2184 1117 2228 a
1138 2167 1349 2246 Xenophonte

135 2248 237 2311 editus
255 2248 297 2311 sit
320 2247 370 2326 (cf.
395 2247 462 2311 Birt
483 2247 514 2309 in
537 2250 700 2309 comment.
724 2246 761 2309 de
784 2246 904 2312 Socrat.
928 2247 1100 2312 comment.
1124 2251 1351 2328 compositione

134 2349 185 2410 pg.
207 2329 276 2394 XlV
299 2347 344 2409 sq.
374 2338 407 2393 et
436 2330 467 2392 in
497 2347 575 2392 mus.
604 2328 692 2391 rhen.
716 2335 787 2390 torn.
809 2329 848 2393 Ll
869 2348 921 2410 pg.
946 2332 1004 2393 154
1026 2332 1102 2410 sip),
1127 2332 1172 2394 ita
1196 2340 1231 2396 ut
1255 2333 1348 2395 etiam

136 2413 167 2474 in
192 2413 283 2475 titulo
304 2412 484 2476 convenerit
506 2412 587 2474 inter
606 2411 687 2473 hunc
709 2410 821 2473 librum
843 2418 874 2475 et
894 2410 1002 2492 Κύρου
1023 2412 1189 2477 παιδείαν.

217 2516 309 2580 Nunc
332 2517 439 2580 videas
461 2532 580 2598 quaeso
599 2514 896 2579 Commentariorum
919 2517 988 2580 libri
1005 2519 1113 2599 quarti
1130 2523 1350 2597 argumentum

135 2605 329 2681 quantopere
364 2595 472 2677 Κύρου
510 2597 666 2658 παιδείαν
699 2615 755 2676 pro
778 2599 851 2661 ositi
891 2599 1045 2662 affinitate
1075 2600 1223 2679 attingat.
1285 2600 1353 2664 Hoc

136 2688 242 2744 autern
273 2680 510 2760 praemittatur:
550 2679 622 2758 quia
653 2678 729 2741 liber
795 2698 887 2743 emor.
910 2680 950 2744 lV
980 2689 1065 2745 certe
1096 2688 1167 2762 post
1197 2683 1288 2746 Mem.
1312 2683 1353 2745 ΙΙΙ

138 2763 274 2842 scriptus
297 2768 354 2841 est,
378 2762 427 2824 hic
449 2765 553 2824 autem
575 2765 647 2839 post
670 2759 914 2841 cyropaeutam
935 2763 1090 2842 colligitur
1111 2765 1158 2827 rel
1179 2764 1237 2828 hac
1258 2785 1295 2828 ex
1318 2783 1352 2828 re

137 2844 249 2907 librum
272 2844 312 2907 lV
345 2850 376 2906 et
406 2844 506 2922 ipsum
535 2842 658 2921 quoquc
688 2847 760 2922 post
782 2844 1011 2926 Cyropaediam
1046 2864 1115 2910 esse
1137 2850 1350 2927 compositum.

136 2927 178 2989 nt
199 2943 415 3006 comparemus
435 2932 604 3005 utrumque
627 2923 748 2988 librum.

322 3047 354 3102 in
372 3047 437 3117 Gyri
455 3047 542 3103 instit.
960 3049 990 3101 in
1008 3049 1159 3104 Commeat.

137 3133 237 3205 Agitur
252 3133 286 3188 de
305 3133 600 3256 δεθιμίίίιὸιοὲμοίίοοίε
614 3131 720 3189 ἄδικον.
989 3198 1027 3250 IV
1052 3198 1068 3250 2
1092 3199 1124 3252 ¹5

486 3240 492 3253 .
1029 3239 1035 3261 ‚
1070 3239 1076 3261 ,
1126 3240 1131 3250 .

177 3266 245 3323 ἀλλὰ
264 3243 388 3339 λέγεται,
402 3243 540 3339 γενέσθαι
558 3269 627 3322 ποτὲ
651 3266 721 3343 οῗνὴρ
807 3265 859 3321 εἰίν
877 3285 920 3327 τις
937 3264 1092 3339 στρατηγὸς
1111 3269 1237 3341 αἱρεθεὶς
1256 3265 1353 3322 ἄδικόν

142 3338 306 3398 διδάσκαλος
325 3337 379 3391 ταῖν
396 3338 510 3406 παίδων,
530 3333 561 3398 δς
579 3336 723 3393 ἐδίδασκεν
771 3354 802 3390 τε
833 3338 880 3388 καί
913 3332 1020 3410 ἐθρᾶν
1048 3339 1129 3389 πόλιν
1161 3335 1352 3408 ἐξανδραποδί-

141 3405 194 3481 <ipo
222 3402 286 3466 τοὺς
315 3407 417 3466 παῖδας
449 3402 500 3491 τὴν
532 3405 721 3479 δικαιοσύνην,
771 3423 861 3487 optor,
890 3424 1017 3477 φσομεν
1044 3405 1143 3458 τοῦτον
1167 3403 1290 3469 δδικεῐν;
1320 3400 1352 3457 οὗ

140 3472 232 3550 ὥσπερ
251 3470 282 3528 οδ
297 3477 429 3539 κελεύεις,
447 3495 487 3547 μη
502 3474 662 3542 ψεύδεσθαι
677 3479 724 3530 καὶ
772 3476 848 3545 inco,
868 3473 929 3544 ἔφη,
1025 3477 1052 3527 τί
1064 3470 1104 3538 δ’;
1124 3471 1174 3528 ἐὰν
1194 3472 1353 3543 ἐξαπατᾷ

143 3545 317 3612 ψεύδεσθαι,
338 3546 385 3597 καί
402 3540 441 3616 μὴ
461 3542 646 3602 ἐξαπατᾶν
664 3548 724 3600 καί
772 3543 903 3614 πολεμῶν
921 3539 1029 3605 aarum
1045 3575 1072 3582 -
1095 3544 1205 3596 δίκαιον
1224 3543 1286 3614 ἔφη,
1307 3545 1353 3595 καί

143 3613 327 3672 ἐξαπατᾶν
346 3615 393 3666 καί
412 3653 506 3667 ......
523 3610 624 3685 καὶμὴ
642 3617 723 3668 πλεο·
773 3612 863 3666 τοῦτο.
881 3642 915 3650 -
935 3608 985 3666 ἐὰν
1009 3610 1039 3664 δὲ
1061 3612 1163 3686 κλέπτῃ
1190 3631 1221 3665 τε
1240 3615 1288 3665 καὶ
1306 3607 1351 3684 ἆρ-

144 3689 256 3737 νεκτεῒν
280 3684 327 3734 καὶ
350 3682 539 3735 πλεονεκτεῖν.
581 3683 725 3757 διώριζε
773 3679 843 3769 πάζμ
860 3677 893 3734 τὰ
907 3679 1020 3746 coricum,
1040 3676 1073 3733 οδ
1086 3681 1212 3733 δίκαια
1227 3683 1352 3751 normam

142 3751 179 3805 δὲ
204 3749 341 3804 τούτων
367 3747 428 3804 ἅτε
452 3746 540 3839 πρὸς
565 3748 647 3811 τοὺς
670 3755 724 3820 pi·
778 3751 836 3805 Κατ
862 3750 950 3822 μάλα,
979 3749 1046 3819 ἔφη·
1141 3745 1263 3814 Οδκοῦν,
1292 3749 1352 3820 ἔφη,

141 3823 224 3880 λοιις
239 3819 416 3889 ποιητέον
432 3839 489 3873 και
508 3815 526 3870 c‘t'
542 3815 629 3893 πρὸς
645 3817 725 3881 τούς
775 3815 824 3871 ὅσα
842 3814 911 3892 πρὸς
930 3814 1071 3894 τῇᾶδικίᾳ
1087 3815 1242 3889 ἐθήκαμεν,
1261 3817 1352 3872 πάντα

141 3884 305 3963 ἔχθροίς.
774 3889 821 3941 καί
844 3884 914 3960 πρὸς
943 3887 977 3962 τῇ
1003 3886 1165 3956 δικαιοσύνη
1190 3886 1292 3956 θετέον
1320 3883 1354 3939 ἂν

358 3956 502 4026 V1,1‚55.
774 3954 831 4027 είη;
852 3956 954 4020 ἔοικεν,
975 3955 1034 4025 ἔφη.
1054 3985 1088 3994 -
1101 3943 1270 4026 βοδλειζξούν,
1292 3956 1353 4026 ἔφη,

178 4083 256 4098 .....
286 4044 403 4113 νομίζων
431 4038 494 4111 τὴν
521 4038 557 4094 ἐν
583 4042 724 4114 πολέμω
773 4026 860 4109 tagino
878 4021 949 4078 οὕτω
977 4023 1084 4109 θέντεςῚ
1103 4025 1354 4109 διορισαίμεθα

142 4109 363 4168 πλεονεξίαν
389 4106 445 4165 διἀα
465 4113 602 4183 σωτηρίαν
620 4096 724 4165 τεκαί
772 4097 897 4180 ”Smyr
931 4113 1016 4182 {19⁰5
1042 4112 1109 4164 μεν
1144 4096 1352 4179 ἴθυςβθλε·

143 4171 524 4249 δικαιοσύνηνέἶναι
559 4181 606 4232 καί
633 4176 725 4233 alom-
771 4183 879 4245 δέους
906 4163 1048 4249 msj‘m‘
1083 4160 1182 4249 {m}
1212 4181 1259 4245 τα,
1280 4181 1355 4246 τοι]

128 4249 252 4321 ’μογέων
772 4251 1020 4296 αοεαποιειν,
1039 4233 1178 4303 προςδε
1201 4249 1355 4301 tousura-

772 4304 858 4361 λους
877 4299 1015 4354 ἄδικον.
