2964 4980
267 610 439 674 Verborum
456 609 668 673 contentione:
690 609 794 689 κοῖγώ
818 609 892 684 μέν
914 608 1014 682 diecti
1032 608 1181 687 λαβεῖν
1203 605 1257 668 ἵνα
1274 603 1394 670 σποδῶ

285 681 405 766 οὗτος
438 692 483 754 δὲ
512 689 559 755 ἵν’
589 691 762 753 deoduinus
795 691 988 768 agnoscimus
1019 690 1237 753 Antisthenem
1268 690 1405 768 Gorgiae

114 803 117 809 ·
185 773 360 855 alumnum;
390 775 523 853 scriptor
545 775 626 838 enirn
650 775 748 837 utitur
770 772 870 850 figura
893 790 986 852 quarn
1012 772 1140 836 dicimis
1165 776 1395 852 παρομοίωσιν

766 902 835 983 pr.

269 998 371 1095 ᾗπερ
408 1011 565 1091 α’γαθός
597 1007 739 1090 ἰατρός
777 1009 1004 1088 διαγνῶναι
1037 1006 1257 1094 νοσήματα
1291 1006 1411 1089 ἄλλῳ.

129 1139 132 1145 .
188 1097 354 1175 παρείη.
398 1092 534 1157 Medicos
555 1110 707 1171 persaepe
727 1092 756 1154 in
769 1090 928 1166 orehabet
941 1092 1153 1173 Antisthenen,
1174 1092 1211 1157 cf.
1224 1093 1409 1156 Winchehn.

192 1175 329 1239 Antisti.
354 1176 445 1255 frgm.
468 1193 518 1254 pg.
544 1180 592 1252 56,
610 1181 644 1238 4:
679 1174 856 1254 ἐρωτηθεὶς
878 1173 933 1236 διαὶ
956 1179 991 1235 τί
1011 1180 1131 1254 πικροῖς
1152 1179 1219 1247 τοῖς
1242 1180 1412 1257 μαθηταῖς

192 1256 400 1339 ἐπιπλήττει,
429 1257 483 1319 καὶ
506 1255 537 1319 οἱ
557 1257 672 1335 ἰατροὶ,
697 1256 787 1337 φησι,
809 1260 876 1328 τοῖς
898 1255 1088 1337 κάμνουσιν.
1133 1259 1182 1333 61,
1203 1263 1258 1319 27:
1281 1259 1411 1321 ‘litarde'-

192 1337 323 1420 ζομενός
346 1362 427 1401 ποτε
449 1340 506 1401 ἐπὶ
527 1341 576 1418 τῷ
598 1341 750 1418 πονι,ροι”ς
774 1344 1011 1417 συγγενέσθαι,
1035 1341 1096 1402 Καὶ
1127 1341 1156 1401 oi
1178 1338 1293 1420 ἰατροὶ,
1318 1341 1410 1423 φησὶ,

191 1423 276 1501 μετα
306 1424 371 1483 τῶν
394 1420 579 1484 νοσούντων
610 1419 710 1498 εἰσιν,
742 1421 812 1482 αλλ’
834 1419 873 1482 ori
894 1429 1126 1501 πνρέττονσιν;
1155 1422 1192 1486 cf.
1215 1441 1307 1501 γοντα
1331 1424 1408 1487 ch.

193 1503 308 1568 Comm.
333 1504 382 1584 111,
402 1508 465 1582 3‚9
489 1510 521 1568 et
543 1504 649 1567 Lacrt.
674 1502 762 1580 Diog.
788 1502 835 1582 Vl,
853 1507 901 1565 30.

763 1630 782 1714 ἓ
804 1631 832 1694 6.

274 1734 345 1800 ὅδε
378 1736 397 1800 ὁ
424 1743 647 1818 μαστιγίας
670 1737 735 1800 καὶ
766 1735 997 1817 leoduni-og:
1031 1757 1122 1803 voces
1145 1746 1219 1803 sunt
1240 1757 1353 1818 graves
1378 1749 1409 1802 et

194 1819 351 1902 horridae,
374 1820 456 1884 sicut
477 1820 662 1900 Cynicorum
686 1839 752 1883 mos
774 1828 831 1883 est..

765 1948 833 2032 ςτ.

208 2053 210 2057 ’
274 2033 424 2136 ‘Agere’
452 2057 624 2137 opponitur
645 2057 838 2137 ‘dicendo'
866 2056 1051 2137 Cynicorum
1082 2076 1119 2121 ex
1141 2074 1244 2129 more;
1277 2073 1409 2134 quocum

194 2156 354 2219 compares
371 2139 567 2202 Antisthenis
590 2138 665 2201 illud
687 2139 770 2218 apud
792 2139 894 2204 Laert.
911 2141 998 2219 Diog.
1014 2140 1060 2220 Vl,
1081 2146 1132 2204 ll:
1155 2136 1214 2223 τήν
1232 2160 1268 2198 τε
1290 2138 1411 2220 α’ριτήν

192 2223 260 2283 τῶν
283 2223 381 2301 ἔργων
401 2212 495 2300 εἶναι,
518 2217 601 2304 μήτε
623 2219 844 2303 μαθημάτων.

275 2352 356 2429 οὐδ’
385 2352 618 2435 α’ντιλέγειν
647 2354 787 2428 ἔξεστι
816 2353 914 2432 πρὸς
935 2347 1030 2425 τούς
1059 2352 1301 2432 πολεμίους,
1324 2354 1409 2436 quod

194 2434 428 2499 commonefacit
458 2454 514 2498 nos
546 2435 765 2499 celeberrimae
799 2436 990 2498 Antisthenis
1019 2437 1208 2499 sententiae:
1240 2435 1297 2498 cdx
1320 2438 1411 2499 ἔστιν

193 2516 379 2598 α’ντιλέγειν,
402 2516 440 2581 cf.
465 2517 571 2581 Laeni.
596 2517 686 2594 Diog.
709 2516 758 2595 Vl,
780 2517 825 2580 16.

274 2643 532 2731 ἥδονλεύιιν
565 2650 704 2729 σιωπῇ.
752 2646 992 2709 Anirnadvertas
1024 2644 1189 2709 verborum
1222 2648 1408 2726 positionem

193 2733 256 2791 tam
286 2728 458 2808 elegantem
490 2747 582 2809 αιτιοι
606 2747 751 2806 gravem,
786 2727 844 2791 suh
866 2727 927 2792 fine
957 2728 1084 2807 ponitur
1105 2732 1188 2809 quod
1212 2731 1323 2793 summi
1348 2750 1412 2794 rno-

193 2811 288 2875 menti
311 2819 361 2876 est
384 2812 530 2887 verbum3
560 2811 591 2874 id
619 2811 658 2874 de
682 2811 870 2875 Antisthene
900 2810 1011 2873 laudat
1040 2811 1176 2873 Demetr.
1200 2813 1276 2892 περὶ
1300 2811 1410 2896 ἑρμην.

192 2892 211 2973 ς
235 2898 304 2957 249.

769 2998 788 3079 p
811 3003 839 3062 s.

274 3109 467 3184 κριταί-
480 3099 699 3183 δοξασταί.
740 3105 1017 3169 Winclrehnannus
1031 3103 1180 3182 (Antisth.
1195 3104 1282 3181 frum.
1294 3123 1347 3186 pg.
1359 3111 1412 3185 40)

194 3194 324 3268 propter
346 3187 427 3252 hanc
439 3189 575 3268 Gorgiae
593 3196 625 3253 ct
636 3189 758 3253 Prodici
781 3188 987 3251 imitationem
1005 3186 1062 3250 has
1078 3189 1156 3251 (luas
1172 3188 1412 3253 declamationes

188 3271 340 3349 genuinas
373 3270 478 3333 habet.

764 3373 783 3457 ἓ
805 3379 838 3443 9.

270 3479 585 3563 διαγιγνώσκειν
606 3517 643 3527 -
667 3480 939 3558 διαδοξάζειν.
992 3481 1057 3544 Isia
1087 3483 1168 3546 acris
1199 3482 1336 3545 notionis
1358 3482 1411 3544 dc·

188 3565 291 3629 finitio
312 3565 435 3628 Prodici
458 3583 513 3628 nos
537 3565 693 3645 admonet,
727 3565 814 3628 cuius
842 3582 910 3628 cum
934 3564 1121 3627 Antisthene
1143 3566 1296 3627 rationem
1321 3564 1411 3628 nobis

190 3648 313 3727 detegit
334 3646 507 3726 Xenophon
531 3649 560 3709 in
587 3647 682 3709 Conv,
702 3646 752 3724 lV,
773 3651 821 3708 62.
867 3645 980 3708 Verbis
1001 3642 1186 3726 γιγνώσκειν
1206 3655 1239 3709 et
1261 3644 1413 3722 δοξάζειν

188 3730 291 3794 utitur
313 3729 489 3809 Xenophon
510 3746 638 3809 quoque
670 3729 702 3791 in
725 3729 896 3793 Comment.
919 3727 966 3805 ΙΙΙ,
989 3733 1050 3807 9,6
1080 3747 1140 3808 qno
1163 3730 1193 3792 in
1217 3729 1319 3809 capite
1340 3747 1413 3809 per·

188 3811 320 3876 multum
345 3811 489 3876 debuisse
516 3811 697 3874 Antistheni
719 3810 832 3890 probat
854 3809 973 3875 Joelius
995 3829 1047 3890 pg.
1073 3816 1133 3874 348
1155 3829 1222 3892 sqq.
