2964 4980
700 308 741 368 43

127 481 307 564 sequitur,
329 479 361 543 in
382 477 556 544 Comment.
579 480 603 560 Ι,
619 484 685 556 2,9
709 481 831 545 Socrati
852 481 912 545 hoc
932 480 1054 544 crimini
1074 480 1183 546 dature
1204 482 1306 566 iiyue
1327 485 1369 558 ῶς

130 565 259 644 μωρῶν
281 561 433 645 εἴητοῶς
455 566 516 642 μὲν
536 566 592 645 τῆς
620 561 748 636 πόλεως
780 561 941 646 ἄρχοντας
963 563 1034 627 α’ττό
1056 561 1184 644 κυάμου
1205 571 1367 630 καθίστα·

133 651 258 792 {Statii
281 645 322 708 ab
352 643 411 708 hoc
443 644 610 724 opprobrio
634 645 807 725 Xenophon
835 648 993 712 Socratem
1024 647 1054 708 in
1077 648 1281 726 sequentihus
1304 667 1366 714 non

157 747 234 793 een
260 727 297 790 it.

225 810 338 873 Beue
359 806 560 887 regnandi
583 825 691 871 norma
713 815 745 873 et
768 810 876 888 regula
898 808 1076 873 Antistheni
1097 809 1249 896 βασιλική
1270 820 1367 895 ιε’χνη

140 894 275 957 videtur
297 889 348 968 (cf.
374 890 441 955 eius
464 906 540 969 quos
563 908 658 970 supra
680 890 773 955 citavi
793 892 962 973 dialogos);
988 890 1131 954 similiter
1140 893 1312 975 Xenophon
1336 897 1365 958 iu

144 972 350 1120 Cygopaedia
371 971 477 1052 regale
499 973 662 1052 imperium
682 973 825 1054 depingit
854 973 1047 1053 eundemque
1071 971 1183 1054 Cyrum
1212 977 1369 1057 exemplar

144 1077 186 1122 no
211 1058 241 1120 is
286 1073 323 1118 ro
347 1058 423 1117 enit.
964 1113 967 1118 .

100 1200 102 1209 ,
230 1073 427 1217 Αξοιῶνιιιοο
445 1134 528 1215 apud
549 1135 680 1198 Dionem
692 1135 949 1217 chrysostomum
971 1135 1140 1218 βασιλικῆς
1160 1137 1368 1214 παιδεύσεως

148 1219 327 1302 exemplum
351 1225 401 1298 est
423 1219 454 1281 in
477 1223 556 1281 orat.
571 1218 647 1281 1190
661 1220 696 1296 ll,
719 1219 770 1282 ubi
786 1221 866 1283 idern
882 1237 992 1283 versus
1007 1218 1155 1284 laudatur
1174 1239 1211 1284 ex
1230 1223 1366 1288 Homero

148 1304 182 1369 ll.
207 1303 254 1379 lll,
278 1305 350 1365 179:
378 1298 570 1382 οἶμφότερον
590 1299 745 1382 βασιλεύς
771 1302 798 1362 τ’
826 1302 954 1382 οἷγαθός
975 1299 1129 1379 κρατερός
1149 1303 1178 1365 τ’
1199 1302 1366 1390 αἰχμητής,

151 1387 204 1467 qui
228 1383 310 1464 apud
333 1383 573 1463 Xenophontem
597 1383 626 1444 in
651 1383 765 1447 Comnr.
790 1383 909 1461 lll,‘l,2
930 1384 1046 1446 citatur
1068 1383 1106 1447 de
1129 1387 1367 1467 Agamemnone,

150 1468 333 1548 populorum
358 1470 493 1545 pastore.
538 1463 685 1529 Fortasse
704 1466 793 1529 Dioni
811 1465 867 1541 >ille
889 1467 955 1545 ipse
970 1465 1183 1546 Xenophontis
1205 1469 1290 1532 locus
1313 1469 1368 1533 oh-

152 1558 305 1629 rersatur,
323 1547 447 1610 etiamsi
463 1547 562 1624 magis
579 1547 609 1610 in
624 1567 691 1610 earn
706 1548 819 1612 inclino
834 1548 1034 1627 sententiam,
1050 1556 1083 1610 ut
1095 1557 1233 1615 statuam
1248 1556 1367 1615 utrum-

152 1649 209 1712 que
234 1629 383 1695 recedere
406 1628 445 1692 ad
468 1628 700 1707 antisthenem,
729 1635 781 1709 qui
805 1631 834 1693 in
859 1630 954 1694 Conr.
977 1629 1024 1707 lV,
1045 1634 1063 1691 6
1093 1632 1244 1712 regnandl
1267 1639 1366 1697 artem

152 1712 391 1794 Agamemnonis
413 1710 551 1790 exemplo
575 1711 794 1775 demonstrans
816 1713 948 1776 eundern
971 1711 1048 1775 citat
1065 1731 1199 1781 versum.

232 1813 380 1876 Civitatis
412 1811 490 1874 bene
511 1812 703 1875 constitutae
726 1812 962 1875 tundamentum
985 1809 1102 1875 larnilia
1134 1821 1200 1892 est;
1230 1822 1364 1876 coutem-

152 1895 270 1974 plemur
293 1895 394 1972 igitur
415 1893 487 1972 quid
511 1891 631 1957 dehac
654 1895 823 1957 statuerint
847 1894 964 1973 Cynici.
1009 1893 1076 1970 Quo
1096 1904 1281 1974 argumento
1305 1897 1365 1960 iam

152 1977 305 2055 progressi
342 1993 449 2038 sumus
484 1975 524 2037 ad
562 1976 797 2055 Cynicorum
839 1976 1140 2056 philosophiam
1173 1978 1366 2042 nroralem.

155 2059 197 2122 Ex
220 2059 386 2122 Athenaeo
410 2057 443 2136 V,
467 2057 562 2121 2200
581 2065 772 2137 compertum
798 2058 947 2121 hahemus
971 2059 1187 2122 Antisthenem
1211 2061 1241 2122 iu
1265 2060 1365 2123 altero

154 2141 302 2220 Cytorum
328 2139 528 2202 maledixisse
551 2139 719 2218 Alcibiadi,
749 2141 832 2219 quod
856 2140 1022 2209 Persarum
1054 2160 1138 2204 inore
1162 2144 1233 2204 'curn
1257 2151 1366 2219 matre,

152 2221 227 2294 filia.
260 2240 369 2286 sorore
404 2221 631 2285 concumberet.
675 2223 849 2302 Xenophon
885 2223 1080 2285 Antisthenis
1111 2224 1285 2303 opinionem
1309 2242 1366 2286 suo

154 2323 270 2387 quoque
294 2303 473 2368 testimonio
495 2303 621 2382 planam
652 2305 753 2367 lacere
776 2306 806 2367 in
830 2305 934 2367 animo
961 2304 1055 2366 habet
1078 2305 1107 2366 in
1133 2305 1248 2366 Comm.
1268 2305 1316 2383 ΙΙΙ,
1337 2313 1366 2383 4,

152 2393 271 2452 20-23
300 2392 358 2450 nec
388 2404 449 2449 non
482 2386 512 2447 in
536 2386 648 2465 Cyrop.
673 2387 707 2465 V,
733 2391 759 2464 l,
782 2392 817 2448 10
847 2386 899 2449 uhi
930 2386 1126 2448 consentiens
1148 2386 1273 2464 quidem
1297 2405 1366 2450 cum

152 2469 338 2534 Antisthene
370 2468 483 2530 Persas
514 2469 554 2531 ab
585 2469 643 2531 hoc
674 2469 843 2549 opprobrio
874 2467 1011 2530 defendit
1041 2467 1089 2545 (cf.
1113 2486 1207 2547 supra
1230 2487 1280 2547 pg.
1304 2470 1364 2548 19).

151 2552 245 2616 Simul
279 2550 453 2629 Xenophon
494 2549 541 2612 his
576 2549 652 2614 locis
692 2551 848 2613 invehitur
887 2551 928 2621 in,
953 2549 1147 2614 Antisthenis
1182 2550 1364 2632 discipulos,

150 2635 308 2715 Diogenes
338 2634 419 2695 euim
449 2632 534 2711 apud
560 2633 688 2696 Dionem
713 2632 970 2715 chrysostomum
1000 2635 1091 2709 (orat.
1115 2634 1153 2710 X,
1177 2652 1229 2713 pg.
1255 2640 1312 2696 305
1325 2634 1365 2716 R)

149 2718 279 2781 stultum
297 2732 365 2778 esse
383 2714 498 2777 iudicat
511 2713 674 2794 Oedipum,
693 2716 776 2795 quod
798 2717 948 2778 incestum
966 2733 1034 2778 curn
1050 2722 1151 2778 matre
1168 2719 1365 2780 commissum

154 2818 213 2862 non
239 2797 380 2861 sanxerit
402 2796 470 2874 lege
493 2795 574 2873 lata,
604 2800 683 2876 quod
709 2805 745 2860 ut
770 2796 920 2878 probetur
942 2798 1108 2860 secundum
1131 2806 1275 2861 naturam
1299 2799 1367 2861 lieri

147 2881 292 2944 adlertur
319 2879 360 2942 ibi
384 2879 548 2941 Persarum
573 2880 748 2958 exemplum
772 2885 804 2941 et
825 2879 993 2943 bestiarum
1023 2878 1062 2941 ah
1087 2881 1143 2942 hoc
1165 2881 1284 2943 incestu
1306 2899 1365 2942 non

147 2963 395 3026 abhorrentium.
409 2960 639 3024 Sententiarum
657 2962 841 3040 Cynicorum
853 2968 884 3022 et
894 2962 1066 3024 Stoicorum
1081 2962 1117 3023 de
1129 2964 1366 3034 consanguineis

154 3044 366 3107 matrimoniis
398 3043 489 3106 testis
519 3050 566 3105 est
588 3042 777 3123 Chrysippus
808 3043 888 3121 apud
912 3043 996 3106 Sext.
1022 3042 1109 3122 Enip.
1133 3043 1205 3122 hyp.
1228 3046 1277 3120 lll,
1297 3049 1367 3124 246,

150 3128 258 3192 Laert.
282 3126 369 3203 Diog.
395 3125 458 3201 Vll,
481 3126 520 3188 33
544 3132 576 3187 et
596 3127 636 3188 al.

231 3223 323 3304 Quod
347 3225 470 3287 omuino
493 3224 609 3286 attinet
637 3225 678 3286 ad
702 3240 850 3298 amorem,
872 3221 1089 3302 Xenophontis
1108 3222 1263 3285 sententia
1285 3221 1366 3285 haud

149 3306 248 3370 multo
271 3307 369 3368 distat
391 3306 429 3368 ab
451 3323 497 3379 ea,
521 3322 613 3382 quam
633 3308 663 3368 in
678 3305 826 3372 Convivio
842 3306 904 3382 (ΙΙΙ,
921 3305 972 3384 38)
994 3304 1134 3368 defendit
1155 3303 1366 3368 Antisthenes

150 3389 180 3450 ls
212 3390 294 3452 enim
323 3395 353 3450 et
383 3388 453 3449 aliis
485 3387 659 3450 nominibus
689 3395 906 3466 paupertatem
937 3405 1023 3450 snam
1047 3388 1155 3451 lanilat
1182 3395 1214 3450 et
1237 3387 1296 3449 hoc
1318 3405 1368 3449 ar-

151 3477 299 3546 gumento
328 3467 534 3547 κονικωτσὶτῳ
558 3478 592 3531 ut
615 3470 660 3532 ita
683 3472 799 3532 dicam:
835 3471 885 3532 »si
911 3470 1034 3551 quando
1056 3487 1168 3548 corpus
1189 3487 1288 3531 meum
1312 3468 1367 3532 fia-

150 3556 233 3631 gitat
254 3552 385 3616 Veneris
408 3553 537 3627 cultum,
568 3558 632 3614 tarn
654 3551 752 3615 facilis
776 3570 859 3631 sum,
892 3560 954 3614 tarn
978 3559 1145 3613 contentus
1168 3552 1304 3630 paratis,
1331 3556 1368 3613 ut

150 3636 300 3709 feminae,
332 3634 371 3697 ad
397 3652 476 3713 quas
508 3636 646 3709 veniam,
677 3635 759 3697 laeto
788 3652 835 3696 me
867 3635 1021 3713 excipiant
1050 3635 1152 3694 animo
1180 3631 1230 3711 (cf.
1260 3632 1367 3696 Laert.

152 3718 243 3795 Diog.
254 3718 303 3790 VI,
315 3719 333 3780 3
344 3718 405 3799 χρή
415 3713 579 3787 τοιαύταις
589 3716 778 3797 πλησιάζειν
789 3717 943 3796 γυναιξὶν,
959 3713 997 3776 αἳ
1004 3712 1100 3794 χάριν
1112 3713 1279 3790 εἴσονται),
1295 3716 1367 3796 quia

153 3801 204 3880 qui
221 3818 288 3862 cum
303 3800 361 3860 illis
374 3818 438 3860 rern
450 3799 565 3861 habere
586 3801 670 3875 velit,
691 3818 749 3861 non
770 3799 858 3860 facile
881 3800 960 3861 alius
979 3801 1141 3878 quisquam
1161 3797 1367 3860 inveniatur«.

238 3898 387 3960 Conferas
410 3899 541 3976 primum
561 3897 700 3976 Xenoph.
726 3897 814 3958 hlem.
837 3898 859 3974 l,
877 3906 903 3972 tl,
926 3904 975 3958 ll:
1013 3891 1106 3958 Οὕτω
1129 3895 1167 3956 δι’
1190 3894 1244 3955 καὶ
1267 3895 1369 3976 α’φρο-

156 3980 310 4057 ὅισιοέζειν
331 3981 406 4051 τούς
427 3981 472 4061 μή
501 3978 659 4060 οἷσφαλῶς
682 3980 814 4057 ἔχοντας
836 3981 919 4056 προς
951 3977 1131 4058 οἷᾳροδίσια
1151 3973 1232 4056 ᾤετο
1253 3982 1369 4059 χρῆναι

156 4064 240 4142 πρός
263 4065 419 4138 τοιαῦτα,
451 4052 505 4123 οἷα
529 4062 574 4144 μή
597 4060 689 4123 πάνυ
707 4065 767 4139 μὲν
789 4064 943 4139 δεομένου
966 4063 1024 4120 τοῦ
1048 4056 1216 4143 σώματος,
1246 4059 1304 4121 oria
1325 4057 1369 4121 do

158 4145 368 4223 προςδέξαιτο
389 4142 409 4226 ἡ
432 4144 533 4230 ψυχή,
553 4146 708 4223 δεομένου
730 4143 777 4219 δέ,
798 4143 855 4205 οὐκ
877 4139 919 4204 ἄν
940 4139 1120 4221 πράγματα
1141 4152 1285 4222 παρέχοι.

239 4242 409 4306 Praeterea
432 4241 642 4306 memorabilis
666 4248 714 4305 est
738 4242 823 4305 locus
850 4243 880 4304 in
895 4242 1066 4304 Comment.
1085 4241 1118 4318 ΙΙ,
1136 4248 1190 4305 l.5
1214 4241 1268 4302 καὶ
1286 4239 1369 4321 apli·

159 4322 281 4387 τούτων
310 4328 372 4404 μὲν
393 4324 605 4403 ἐπικειμένων
637 4328 683 4406 τῷ
714 4326 898 4404 μοιχεύοντι
928 4325 1035 4393 κακῶν
1065 4345 1101 4385 τε
1132 4325 1187 4387 καὶ
1214 4321 1368 4403 αἰσχρῶν,
