2964 4980
824 220 843 276 2

309 391 436 455 Talibus
469 392 621 453 sermonis
653 391 924 454 observationibus
957 390 1108 452 modicam
1120 391 1144 466 1)
1178 395 1299 454 tantum
1334 392 1435 453 inesse

226 473 378 554 probandi
399 474 460 535 vim
483 478 623 551 apparet.
662 471 769 550 Neque
792 475 876 537 enim
891 472 1028 535 auctoris
1048 471 1190 534 licentiae
1213 472 1435 551 particularum

227 573 301 618 usus
328 561 377 617 est
406 555 589 633 permissus,
629 555 680 615 sed
710 571 780 616 cum
808 555 958 616 orationis
987 571 1099 630 genere
1129 555 1283 616 cohaeret.
1335 557 1436 632 Atque

227 654 343 698 summo
375 637 440 698 iure
469 634 542 696 dicit
569 634 778 711 Kaibelius²):
821 636 900 698 llass
930 634 977 697 ich
1006 634 1072 696 hier
1101 635 1162 697 trud
1191 636 1231 696 im
1255 635 1435 712 Folgendeu

228 719 277 780 die
300 717 444 778 modorne
463 715 748 778 Partikelstatistik
770 718 854 778 nicht
876 717 922 779 als
941 716 1159 779 Beweismittel
1183 717 1323 792 benutze,
1346 716 1437 778 (latur

226 799 306 860 habe
329 799 376 860 ich
400 804 473 877 gute
493 797 635 874 Grltnde3
669 798 777 875 irgenil
804 798 936 861 walchen
962 797 1082 860 Nutzen
1108 797 1163 859 hat
1181 798 1265 860 diese
1286 797 1435 860 Statistik

226 879 304 941 noch
328 879 413 941 nicht
436 878 595 958 gebracht,
619 877 699 941 wohl
722 879 798 941 aber
821 881 850 941 iu
869 878 1020 942 munchen
1033 879 1153 958 Klipfen
1174 879 1223 942 die
1235 878 1436 957 Vorstelhmg

227 959 378 1103 erweoktl,
394 960 440 1022 als
462 959 500 1021 ob
523 960 618 1022 durch
639 958 916 1038 fleissigesZthleu
939 959 1003 1022 sich
1027 959 1173 1024 hritische
1191 959 1370 1024 Lorbeeren
1389 979 1436 1022 er·

227 1060 334 1118 rmgen
371 1059 481 1103 rosseo.

311 1140 399 1202 Hauc
423 1140 504 1200 viam
536 1138 566 1200 in
595 1138 781 1217 scriptorum
803 1138 1018 1218 Xenophontis
1039 1138 1237 1218 chronologia
1260 1139 1437 1204 definienda

227 1229 333 1283 statuo
356 1239 425 1284 esse
448 1219 654 1296 muniendam,
679 1225 715 1281 ut
734 1239 769 1281 ex
791 1221 953 1283 sententiis
974 1238 1052 1300 quas
1075 1221 1141 1300 ipse
1162 1222 1277 1300 repetit
1298 1223 1432 1302 scriptor

228 1303 360 1365 diversis
382 1304 412 1363 in
435 1300 536 1376 libris,
568 1300 643 1378 quid
669 1308 881 1379 consequatur
906 1302 945 1364 ad
966 1302 1105 1365 ordinem
1128 1320 1165 1365 ac
1185 1308 1308 1382 tempus
1331 1322 1437 1366 eorum

228 1383 487 1459 constituendum,
510 1387 657 1445 accurate
675 1383 913 1461 perspiciamus:
935 1384 1016 1447 aliae
1035 1385 1102 1445 viae
1118 1382 1182 1446 fere
1202 1402 1307 1446 omnes
1326 1385 1436 1446 inanes

227 1473 302 1527 sunt
333 1472 426 1542 atque
450 1463 575 1526 fallaces
606 1462 656 1538 (cf.
686 1462 817 1526 Joelium
844 1465 874 1525 in
900 1465 979 1528 libro
1013 1465 1049 1526 b.
1072 1464 1161 1527 echte
1190 1483 1220 1527 u.
1244 1466 1272 1527 d.
1303 1466 1437 1545 xenoph.

228 1546 294 1608 Soc.
318 1547 339 1621 l,
362 1550 410 1623 66,
434 1548 472 1620 l).
518 1547 620 1622 Atque
649 1544 780 1624 primum
801 1545 923 1624 quidem
942 1565 1020 1626 quae
1042 1547 1243 1608 inveniuntur
1269 1548 1383 1609 similia
1406 1549 1435 1609 in

227 1627 390 1690 sententiis
413 1644 492 1706 quas
520 1624 641 1704 profert
670 1625 700 1686 in
724 1625 961 1690 Commentariis
984 1629 1145 1707 Socrates,
1178 1627 1278 1705 Cyrus
1308 1629 1340 1691 in
1363 1629 1436 1707 Cyri

227 1708 431 1784 institutione,
455 1707 652 1782 conscribam,
675 1704 787 1769 deinde
809 1725 960 1785 exponam
983 1727 1073 1789 quem
1092 1709 1226 1772 fructum
1245 1711 1436 1789 excipiamus

227 1790 257 1851 in
279 1789 387 1851 ordine
408 1794 505 1868 atque
528 1795 670 1867 tempore
691 1788 852 1867 utriusque
874 1790 975 1869 operis
998 1790 1223 1854 constituendo.

307 1885 603 1949 Commentariorum
625 1885 665 1964 igi
673 1890 723 1948 tur
743 1892 775 1949 et
788 1886 861 1965 Cyri
880 1888 1088 1952 institutionis
1104 1887 1188 1952 locos
1204 1888 1287 1951 iuter
1307 1906 1342 1951 se
1362 1906 1437 1951 cou-

226 1968 370 2044 feremus,
392 1966 528 2029 tabellae
552 1967 728 2045 loquentur.

411 2093 441 2147 in
459 2094 611 2148 Comment.
1036 2095 1066 2148 in
1085 2095 1147 2164 Cyri
1165 2095 1252 2149 instit.

304 2179 411 2234 Dicitur
429 2179 463 2234 de
481 2179 591 2233 Socrate
609 2179 630 2242 1,
650 2179 673 2247 1,
693 2181 718 2232 9.
934 2181 1027 2236 Verba
1044 2181 1113 2235 facit
1132 2181 1218 2249 Cyrus
1236 2182 1256 2248 I,
1278 2181 1302 2247 6,
1321 2182 1346 2235 6.

266 2267 335 2330 Τοὺς
359 2270 389 2323 δέ
410 2271 499 2342 μηδὲν
519 2270 573 2324 τῶν
600 2272 733 2324 τοιούτων
751 2271 804 2324 oio·
892 2269 952 2320 Καὶ
976 2263 1031 2338 γὰρ
1053 2262 1130 2317 οἶδα
1147 2285 1184 2319 σε
1204 2266 1359 2334 λέγοντα
1380 2263 1437 2319 δεῖ

225 2338 328 2408 μένους
347 2335 422 2391 εἶναι
440 2339 598 2410 δαιμόνιον,
628 2335 696 2390 dttt
714 2341 804 2393 πάντα
854 2331 890 2396 ὥς
917 2334 980 2389 odda
1008 2334 1093 2420 θέμις
1122 2334 1165 2404 εἴη
1190 2333 1333 2386 αἰτεῖσθαι
1358 2331 1436 2406 παρὰ

226 2405 274 2475 τῆς
308 2402 487 2478 α’νθρωπίνης
521 2405 634 2476 γνώμης
666 2406 804 2478 δαιμονᾶν
856 2404 909 2456 τῶν
922 2403 998 2456 θεῶν
1014 2420 1078 2456 ουτε
1092 2401 1224 2455 ἱππεύειν
1235 2398 1273 2473 μὴ
1288 2406 1436 2473 μαθόντας

226 2473 287 2543 ἔφη.
315 2475 455 2561 δαιμονᾶν
473 2473 503 2526 δέ
523 2476 570 2526 καὶ
588 2469 804 2558 τοὺςμαντευο-
854 2471 1081 2543 ἱππομαχοῦντας
1099 2470 1197 2531 νικᾶν,
1222 2469 1286 2523 οὔτε
1310 2466 1349 2541 μὴ
1376 2468 1436 2523 ἐπι-

224 2542 328 2612 μένους
346 2564 363 2595 α
391 2549 449 2602 τοῖς
472 2539 632 2614 ἀνθρώποις
657 2543 762 2614 εδωκαν
778 2545 805 2595 οῖ
854 2541 1007 2612 σταμένους
1032 2537 1157 2597 τοξεύειν
1182 2537 1345 2598 τοξεύοντας
1370 2558 1436 2610 κρα-

226 2613 291 2662 θεοὶ
309 2610 435 2682 μαθοῦσι
454 2612 617 2682 διακρίνειν·
639 2615 699 2663 οἱον
717 2612 804 2671 εἴτις
853 2616 913 2662 τεῖν
932 2609 985 2661 τῶν
1000 2607 1198 2678 ἐπισταμένων,
1219 2605 1283 2660 οὔτε
1300 2603 1340 2677 μὴ
1360 2609 1402 2660 έπ
1413 2627 1434 2658 ι-

228 2675 380 2751 ε’περωτῴη,
398 2677 519 2751 πότερον
538 2677 726 2749 ἐπιστάμενον
745 2676 802 2749 ἡνι-
853 2677 1056 2748 σταμένους
1074 2675 1257 2748 κυβερνᾶν
1275 2673 1373 2747 σῴζειν
1392 2673 1435 2728 εἶν’·

227 2754 302 2830 οχεῖν
313 2744 358 2800 ἐπὶ
371 2745 467 2817 ζεῦγος
482 2749 577 2816 λαβεῖν
590 2754 717 2819 κρεῖττον
735 2743 750 2817 ἢ
762 2744 801 2819 μὴ
849 2753 953 2816 χεσθαι
979 2744 1047 2804 ναῦς
1072 2743 1276 2816 κυβερνῶντας,
1306 2742 1368 2795 οὐδὲ
1419 2739 1433 2813 ὴ

226 2814 425 2886 επιστάμενον,
460 2812 477 2886 ἢ
509 2819 627 2887 πότερον
661 2813 803 2869 ε’πιστά-
852 2813 1018 2886 σπείροντάς
1041 2833 1076 2883 γε
1100 2819 1177 2865 σῖτον
1196 2810 1330 2882 εὔχεσθαι
1350 2831 1385 2863 κοι
1404 2809 1436 2863 ὸν

223 2902 338 2954 μενον
365 2883 548 2956 κυβερνᾶν
582 2884 628 2940 ἐπὶ
655 2880 706 2955 τὴν
732 2885 803 2938 ναῦν
853 2886 946 2943 αὐτοῖς
973 2885 1109 2949 φύεσθαι,
1142 2879 1203 2932 οὐδὲ
1226 2877 1265 2950 μὴ
1299 2881 1432 2946 φυλαττο-

225 2959 353 3023 κρεῖττον
379 2953 473 3022 λαβεῖν
496 2949 512 3022 ἢ
539 2950 578 3024 μὴ
606 2950 801 3022 ἐπιστάμενον·
851 2953 954 3024 μένους
967 2968 1001 3018 γε
1020 2948 1051 3003 ἐν
1068 2949 1179 3019 πολέμῳ
1197 2951 1333 3019 σωτηρίαν
1350 2948 1434 3000 αἰτεῖ-

225 3015 404 3089 ἢᾶέξεστιν
423 3016 635 3092 ἀριθμήσαντας
660 3017 677 3090 ἢ
701 3019 803 3092 μετρή-
852 3026 929 3072 σθαι·
948 3013 1024 3090 παρὰ
1048 3014 1104 3101 γὰρ
1123 3015 1188 3076 τοὺς
1209 3016 1262 3068 τῶν
1283 3015 1358 3069 θεῶν
1383 3023 1433 3070 θε-

227 3107 329 3147 σαντας
349 3084 365 3158 ἢ
384 3091 535 3158 στήσαντας
552 3089 665 3142 εἰδέναι.
686 3084 750 3147 τοὺς
768 3085 802 3140 τὰ
852 3107 870 3140 σ
890 3084 938 3146 οὖς
958 3092 1048 3140 πάντα
1074 3104 1108 3138 τα
1126 3084 1239 3137 τοιαῦτα
1260 3080 1341 3137 εἶναι’
1369 3080 1434 3143 τοὺς

229 3156 344 3208 τοιαῦτα
374 3152 449 3227 παρὰ
477 3156 531 3208 τῶν
558 3155 634 3211 θεῶν
659 3163 800 3208 πυνθανο-
852 3108 888 3208 δέ
915 3154 1096 3226 ἀθέμιστα
1131 3153 1298 3224 εὐχομένους
1332 3147 1434 3223 ὁμοίως

222 3223 325 3293 μένους
351 3225 535 3294 ἀθέμιστα
571 3229 664 3278 ποιεῖν
697 3219 801 3293 ἠγεῖτο·
853 3224 963 3294 ἔφησθα
982 3217 1057 3282 εἰκὸς
1081 3219 1154 3275 εῖναι
1179 3219 1255 3292 παρὰ
1274 3220 1350 3272 θεῶν
1369 3223 1431 3273 ἄτυ-

224 3291 277 3361 έφη
296 3290 326 3344 δὲ
344 3292 418 3354 δεῖν,
439 3287 456 3342 c‘i
473 3291 528 3363 μὲν
544 3298 691 3364 μαθόντας
708 3299 803 3345 ποιεῖν
848 3299 912 3364 χεῖν
924 3287 1015 3365 ὥσπερ
1031 3293 1078 3343 καὶ
1089 3286 1165 3361 παρὰ
1179 3285 1334 3360 ανθρώπων
1346 3286 1431 3359 ἄπρα-

224 3358 330 3412 ἔδωκαν
350 3362 376 3411 οἱ
402 3362 466 3412 θεοῖ
483 3365 652 3432 μανθάνειν,
681 3355 746 3413 dds*
760 3357 800 3432 μὴ
852 3357 1011 3420 aestuantis
1029 3358 1179 3432 παράνομα
1198 3357 1356 3427 δεομένους.

224 3426 291 3497 δῆλα
315 3434 374 3487 τοῖς
392 3424 553 3501 &asponon
571 3428 629 3484 ἐστὶ
645 3428 801 3501 πειρᾶσθαι

223 3492 270 3548 διὰ
295 3495 434 3567 μαντικῆς
456 3492 531 3570 παρὰ
557 3498 611 3552 τιῖν
640 3497 717 3550 θεοῖν
734 3516 801 3550 πυν-

222 3565 371 3617 θάνεσθαι.

291 3705 317 3771 1)
336 3705 469 3760 Maiorem
486 3674 691 3828 grobabilitatis
715 3708 831 3777 speciem
856 3707 1056 3776 praeseferre
1075 3703 1202 3756 videntur
1228 3699 1431 3756 observationes

220 3772 251 3825 in
260 3773 451 3842 Xenophontis
465 3773 485 3826 li
504 3793 555 3838 ros,
574 3794 642 3843 quas
655 3776 834 3830 instituerunt
844 3774 965 3830 Stahlius
983 3775 1013 3827 in
1031 3770 1175 3826 annalibus
1193 3786 1275 3846 supra
1293 3769 1384 3824 citatis
1403 3772 1432 3823 et

221 3841 354 3895 Weberus
372 3842 400 3894 in
421 3842 615 3910 disputatione,
633 3845 677 3897 oui
696 3845 846 3913 inscripsit:
866 3845 918 3896 Zur
931 3837 1293 3906 Entwicklungsgesohrchte
1312 3839 1360 3891 der
1376 3838 1429 3891 Ab·

221 3909 385 3962 sichtssatze.
418 3911 543 3980 beitrage
562 3930 607 3964 zur
626 3913 720 3966 histor.
740 3912 846 3979 Syntax
865 3911 914 3963 der
933 3910 1035 3977 griech.
1056 3907 1176 3976 Sprache
1202 3906 1248 3958 Bd.
1269 3907 1303 3958 ΙΙ.
1330 3906 1430 3984 Heiti

222 3978 256 4031 de
275 3978 414 4045 scriptoris
432 3981 549 4046 syntaxi.
586 3982 661 4044 Quae
673 3981 875 4034 observationes
893 3995 1059 4046 quamquam
1080 3978 1152 4030 solae
1170 3974 1206 4027 ad
1224 3975 1430 4041 chronologiam

220 4046 440 4100 constituendam
467 4065 522 4100 non
548 4049 702 4116 sufficiunt,
733 4053 828 4101 tamen
855 4047 971 4114 tempori
999 4044 1087 4114 operis
1112 4043 1249 4098 cuiusdam
1275 4042 1430 4096 definiendo

220 4113 281 4166 usui
299 4131 355 4168 esse
372 4118 492 4183 possunt.

287 4196 313 4262 2)
333 4197 365 4250 In
385 4198 501 4255 Hermae
518 4203 585 4254 tom.
604 4201 645 4263 25,
665 4218 711 4269 pg.
731 4198 789 4252 181.
