2964 4980
646 321 682 382 21

56 496 201 558 adiectus
222 494 264 557 sit
275 495 309 573 l).
350 493 441 557 Nunc
459 512 521 576 quo
543 513 625 558 anno
648 513 833 576 componere
856 496 994 576 coeperit
1016 497 1186 578 Xenophon
1201 499 1275 581 Cyri

58 577 305 653 institutionem,
326 578 470 656 quaestio
494 577 643 641 nascitur.

141 658 302 721 Habemus
325 657 416 721 Gellii
438 659 554 721 dictum
585 678 684 740 neque
706 661 771 737 es't,
799 679 855 723 cur
883 660 909 721 ei
932 659 1160 734 diffidamus2l,
1192 661 1275 742 quod

55 746 147 804 extat
169 742 201 802 in
213 740 304 803 Noct.
316 741 402 803 attic.
415 741 435 804 l.
447 740 527 820 XIV,
546 745 601 806 33:
627 741 819 823 »Xenophon
841 741 948 805 inclito
965 742 1008 805 illi
1026 745 1112 824 operi
1124 743 1275 822 Platonis,

57 823 142 904 quod
177 822 216 885 de
235 822 365 902 optimo
398 828 487 885 statu
527 825 571 886 rei
598 824 740 902 publicae
781 825 980 906 civitatisque
1010 823 1276 890 administrandae

56 906 209 985 scriptum
234 912 302 983 est,
334 905 423 969 lectis
444 915 483 966 'ex
506 923 542 968 eo
565 905 685 970 duobus
708 906 770 970 fere
793 905 891 985 libris,
924 907 976 986 qui
1000 907 1090 987 primi
1112 908 1143 970 in
1168 907 1276 986 volgus

62 989 224 1062 exierant,
258 988 406 1067 opposuit
427 995 538 1050 contra
569 989 816 1069 conscripsitque
839 988 996 1050 diversum
1018 990 1126 1068 regiae
1147 989 1275 1053 admini-

60 1069 225 1133 strationis
248 1086 356 1147 genus,
379 1069 461 1148 quod
484 1070 560 1149 περὶ
583 1071 735 1143 παιδείας
756 1069 863 1150 Κύρου
884 1071 1069 1151 inscriptum
1093 1077 1170 1135 est«.

145 1151 299 1226 Quoniam
323 1150 563 1229 Susenrihliusssl
593 1153 734 1216 Platonis
765 1171 829 1214 rem
860 1151 1015 1232 publicam
1037 1153 1120 1216 intra
1142 1157 1278 1235 spatium

61 1234 134 1295 inde
159 1233 198 1295 ab
223 1251 305 1296 anno
330 1237 391 1295 380
414 1251 512 1312 usque
541 1236 579 1297 ad
608 1253 722 1298 annum
746 1237 806 1297 370
833 1236 980 1313 scriptam
1004 1251 1072 1297 esse
1095 1236 1279 1315 arbitratur,

61 1314 299 1395 Xenophontem
323 1315 445 1378 initium
460 1315 670 1397 Cynopaediae
693 1335 774 1380 anno
796 1317 856 1380 375
875 1318 1081 1396 composuisse
1096 1318 1185 1382 uobis
1203 1319 1276 1383 licet

57 1399 218 1460 conicere.
261 1399 343 1460 Ante
363 1415 476 1461 annum
499 1403 557 1461 369
579 1398 746 1462 coniecisse
767 1399 947 1477 scriptorem
971 1415 1047 1478 opus
1069 1398 1147 1462 illud
1168 1401 1279 1464 admo·

61 1482 133 1542 dum
158 1481 286 1542 ridetur
311 1497 379 1542 esse
401 1479 581 1559 prohabile3
612 1499 682 1543 nam
706 1480 822 1543 Eubuli
854 1481 1017 1560 rogati04)
1047 1486 1128 1544 anno
1160 1483 1219 1546 369
1248 1483 1278 1546 ei

62 1562 199 1624 reditum
236 1563 266 1624 in
299 1561 434 1641 patriam
466 1562 628 1642 patefecit,
662 1571 829 1642 postquam
861 1563 894 1624 in
925 1563 1060 1641 gratiam
1093 1564 1186 1627 rediit
1209 1583 1277 1628 cunr

64 1643 199 1723 civibus3
232 1644 262 1705 in
287 1643 481 1723 Cynopaedia
510 1663 582 1707 vero
612 1645 821 1710 democratiae
851 1645 1084 1708 Atheniensium
1115 1646 1275 1711 etiamtum

57 1727 204 1788 inimicus
226 1726 294 1804 fuit,
312 1725 397 1806 quod
420 1727 528 1805 paucis
550 1727 683 1806 probare
706 1727 791 1790 libet.
925 1742 928 1746 ⁴

149 1809 183 1869 ln
208 1808 280 1887 Cyri
306 1808 503 1871 institutione
533 1810 668 1872 miratur
690 1810 789 1890 Cyrus
808 1826 886 1889 puer
908 1807 1075 1888 Astyagem
1099 1825 1165 1871 cum
1189 1810 1279 1873 sociis

58 1890 147 1951 inter
171 1891 281 1968 pocula
305 1897 337 1952 et
359 1889 467 1969 epulas
489 1893 735 1970 superbientem;
765 1892 848 1953 videt
868 1909 974 1954 ornnes
996 1890 1085 1954 simul
1108 1891 1278 1955 clamantes

63 1972 192 2050 aliaque
213 1972 348 2035 ludibria
378 1973 525 2036 iacientes
547 1981 578 2036 et
602 1981 667 2036 turn
694 1973 838 2036 didicisse
860 1991 893 2036 se
915 1974 976 2050 ait,
1008 1972 1081 2052 quid
1105 1979 1189 2036 essct
1211 1972 1279 2054 ἰση-

59 2059 155 2134 γορία
180 2053 305 2135 (Cyrop.
324 2055 344 2133 l,
369 2055 397 2134 3,
423 2056 491 2133 10)·;
521 2056 608 2134 atqui
632 2053 778 2138 ἰσηγορία
801 2061 897 2136 atque
919 2054 1071 2134 ἰσονομία
1089 2053 1279 2136 (ἰσομοιρία)

62 2136 268 2199 fundamenta
303 2143 376 2200 sunt
409 2134 664 2218 democratiae5).
715 2141 908 2218 Ἱσομοιρίαν
940 2155 1013 2201 vero
1043 2155 1108 2199 rem
1133 2155 1201 2201 esse
1233 2139 1279 2200 iu-

60 2218 264 2281 iustissimam
300 2219 397 2299 probe
426 2221 512 2282 novit
539 2219 711 2300 Xenophon
743 2220 836 2299 idque
866 2220 897 2281 in
928 2218 1122 2300 Cynopaedia
1154 2221 1278 2299 egregie

59 2301 268 2363 demonstrat.
312 2302 344 2364 ln
380 2301 508 2364 consilio
538 2303 617 2364 enim
650 2302 796 2379 militari,
835 2301 916 2379 quod
953 2300 1084 2363 convivii
1118 2302 1278 2365 occasione

61 2381 162 2461 Cyrus
185 2381 295 2463 habet,
324 2381 530 2462 chrysantes,
554 2385 600 2446 vir
622 2382 733 2446 nobilis
755 2383 920 2464 animoque
942 2383 1043 2461 tortis,
1074 2382 1112 2445 de
1132 2385 1277 2462 praemiis

62 2463 287 2528 distribuendis
310 2482 482 2528 sermonem
505 2465 632 2529 iniciens
655 2467 699 2528 ita
722 2466 863 2528 orditur:
892 2482 1018 2541 eorum,
1040 2465 1092 2546 qul
1116 2465 1276 2529 nobiscum

59 2546 98 2607 ad
124 2545 239 2608 bellurn
262 2546 393 2627 proiecti
416 2552 506 2628 sunt,
530 2548 582 2610 alii
604 2547 751 2611 fortiores
772 2554 861 2624 sunt,
883 2547 935 2610 alii
957 2547 1151 2627 ignaviores,
1175 2548 1228 2610 sed
1252 2550 1278 2610 si

61 2627 136 2690 honi
158 2628 234 2709 quid
259 2630 346 2692 nobis
369 2647 386 2691 e
408 2628 489 2692 hello
508 2631 692 2709 contigerit,
724 2647 830 2694 omnes
859 2646 991 2709 aequam
1025 2637 1147 2709 partem
1170 2636 1277 2710 postu-

61 2708 194 2789 lahuot;
218 2710 293 2773 nihil
316 2717 420 2774 autem
444 2711 516 2774 mibi
537 2713 673 2791 iniquius
696 2713 909 2776 videturesse
931 2727 1024 2791 quarn
1050 2710 1123 2776 mali
1144 2711 1277 2792 bonique

61 2791 192 2853 eandem
215 2810 283 2855 esse
305 2799 432 2856 sortem.
472 2794 551 2857 Tum
576 2794 691 2875 Cyrus:
723 2798 850 2874 oportet
870 2811 945 2871 crgo
968 2794 1085 2873 inquit,
1106 2794 1181 2871 viri,
1202 2794 1279 2857 deli·

61 2874 187 2950 berare,
223 2882 326 2938 utrum
355 2875 482 2954 siquae
506 2877 600 2939 luerit
633 2879 750 2955 praeda
781 2883 953 2954 reportata,
982 2884 1093 2939 ‘ornnes
1116 2872 1277 2956 ἰσόμοιροι

60 2955 195 3101 {ciendi
212 2957 282 3102 1slint
304 2974 342 3019 ao
363 2957 530 3104 secuOndum
551 2959 702 3039 cuiusque
722 2956 858 3019 lahorem
883 2959 909 3020 ei
930 2957 1029 3019 honor
1054 2959 1096 3020 sit
1118 2957 1279 3023 habendus

123 3056 189 3100 ro.
272 3044 288 3100 2
326 3042 424 3103 tto-2
463 3089 469 3103 .

60 3042 70 3117 (
100 3059 120 3119 y
144 3056 315 3184 Ppraet’ere’a
338 3122 368 3184 in
392 3042 504 3202 Cyr)op.
527 3122 575 3203 lll,
599 3126 628 3198 3,
651 3125 690 3183 50
719 3119 875 3183 invehitur
902 3119 1075 3199 Xenophon
1108 3120 1138 3182 in
1163 3122 1277 3184 ducum

61 3203 313 3282 Atheniensium,
345 3204 376 3266 ni
400 3204 509 3283 fallor,
538 3222 653 3266 morem
686 3210 759 3266 ante
787 3220 923 3283 pugnam
952 3202 1099 3265 sublimes
1122 3204 1278 3266 orationes

131 3384 158 3451 1)
178 3383 218 3437 Cf.
237 3382 355 3448 Eiehler,
373 3385 413 3439 De
432 3385 528 3454 Cyrop.
547 3384 637 3454 capite
656 3386 785 3438 extremo.
815 3382 955 3437 Grimmae
977 3383 1050 3436 1830.

131 3470 156 3534 2)
176 3470 210 3523 ef.
226 3470 376 3523 Xrohuium
391 3469 421 3522 in
439 3470 540 3532 libelle,
560 3469 605 3522 cui
617 3469 754 3538 inscripsit
776 3469 906 3533 ¹Socrates
924 3469 979 3520 und
994 3468 1154 3538 Xenophon'
1173 3487 1219 3538 pg.
1230 3471 1278 3523 tlt:

64 3538 156 3592 »Nach
175 3539 249 3594 einer
273 3542 349 3592 alten
371 3528 577 3607 dberlieferung
601 3540 659 3592 brat
676 3538 725 3590 der
744 3537 851 3589 Auktor
875 3536 923 3590 der
952 3538 1120 3605 Cynopaedie
1145 3537 1174 3589 in
1200 3537 1279 3592 einen

63 3608 223 3662 Wettstreit
238 3606 290 3661 mit
308 3609 369 3662 dem
388 3609 491 3676 platon.
511 3608 621 3670 Stante3
646 3624 673 3661 ea
693 3624 757 3674 mag
775 3604 999 3674 glaubwiirdiger
1022 3606 1095 3673 sein,
1121 3606 1161 3659 als
1184 3622 1281 3660 unsere

64 3677 222 3745 Forschung
240 3676 408 3745 augentem«.
446 3678 479 3732 ef.
495 3677 600 3746 Xrohn,
619 3679 671 3730 Der
684 3677 789 3745 platon.
804 3675 892 3738 Stant,
910 3674 1025 3727 Studien
1045 3692 1092 3727 zur
1111 3675 1278 3729 Sokratisch·

62 3746 173 3799 Platon.
192 3746 337 3809 biberetur,
356 3745 404 3797 Bd.
420 3745 441 3798 I.
471 3747 550 3800 Helle
572 3746 646 3799 1876.

134 3833 160 3897 3)
181 3832 289 3885 Platon.
310 3832 488 3901 Philosophia
506 3833 540 3895 ll,
561 3832 619 3886 296.
658 3831 809 3897 Ueberweg
852 3829 1032 3897 Untersuehg.
1052 3829 1119 3883 iiber
1138 3829 1182 3884 die
1199 3830 1280 3886 Eeht

68 3900 128 3954 heit
146 3901 203 3953 und
221 3901 352 3970 Zeitfolge
370 3902 436 3970 plat.
456 3900 594 3955 Schriften
618 3919 664 3970 pg.
685 3900 745 3953 222.
789 3871 840 3950 »lh
858 3899 922 3950 lasst
942 3898 999 3952 sich
1023 3898 1193 3968 annehmen,
1221 3901 1282 3954 dass

64 3970 231 4024 mindestens
251 3970 300 4023 das
311 3973 381 4024 erste
396 3970 472 4024 Buch
487 3971 534 4023 der
547 3970 614 4038 plat.
631 3969 734 4022 Schrift
755 3984 803 4020 vor
824 3967 874 4019 382
894 3966 1070 4035 geschriebeu
1088 3967 1198 4022 worden
1220 3970 1280 4024 ist«.

69 4040 181 4092 Hirmer
206 4039 234 4090 in
260 4042 327 4092 tom.
353 4039 440 4108 suppl.
460 4041 550 4092 XXlll
578 4037 753 4092 Fleckeisenii
780 4035 919 4090 annalium
947 4035 1037 4102 t1897)
1064 4035 1187 4089 Platonis
1212 4056 1280 4093 rem-

63 4107 202 4177 publicam
221 4108 296 4160 iutra
315 4125 339 4161 a.
358 4108 409 4161 380
427 4124 512 4176 usque
530 4107 565 4160 ad
584 4108 634 4160 370
653 4111 742 4160 ortam
762 4122 815 4158 esse
834 4104 958 4158 coniecit.

135 4192 163 4259 4]
181 4196 264 4247 Istrus
283 4192 364 4260 apud.
383 4194 473 4247 Laert.
493 4193 573 4262 Diog.
594 4193 621 4245 ll
640 4193 673 4248 59
691 4192 769 4247 testis
785 4195 834 4246 est.

135 4279 164 4346 5)
183 4280 306 4347 Bosolt,⁴
329 4277 379 4334 Die
407 4280 508 4349 griech.
536 4279 640 4336 staats·
674 4282 730 4334 und
749 4278 1013 4334 Rechtsaltertiimer
1045 4278 1074 4330 iu
1101 4279 1143 4333 Jv.
1171 4279 1284 4335 Miillere

64 4347 174 4401 Hondb.
194 4347 240 4417 Ν,
262 4351 284 4418 1,
302 4346 345 4402 42.
