2964 4980
717 309 757 371 30

128 480 332 562 impugnandi
354 480 549 547 Antisthenis
573 500 629 547 neo
652 500 713 546 non
735 482 878 547 Platonis
901 501 996 549 cansa
1028 485 1208 567 conscripta
1237 491 1330 551 sunt«.

130 565 165 629 ld
179 582 272 644 quam
284 570 367 628 recte
379 567 521 642 senserit,
537 566 698 644 praedicat
709 565 961 630 Wilamowitzius
979 569 1010 631 in
1030 568 1197 633 annalibus
1212 569 1333 650 philolo·

129 648 205 728 gicis
234 649 286 730 qui
320 656 471 711 vocantur
503 647 655 729 ‘Hermes’
683 655 705 710 t.
729 648 815 727 XlV,
844 666 894 728 pg.
924 652 999 726 1933
1034 650 1116 714 unde
1148 651 1242 716 liceat
1271 652 1333 716 milti

131 731 225 794 verba
242 730 381 794 aelferre:
407 728 599 809 »Xenophon
623 730 717 793 bietet
740 749 798 793 von
815 732 895 794 allen
913 731 1118 797 Sokrstikern
1141 751 1194 797 am
1214 735 1334 799 meister
1383 744 1385 755 '

130 811 454 891 Berithrungspunkte
471 813 526 875 mit
544 810 777 876 Antisthenes«

214 897 254 959 Et
271 895 432 960 collocavit
450 912 574 973 operam
593 893 652 958 hac
668 895 698 957 in
714 893 914 975 inquisitione
930 894 1149 961 Fcrdinandus
1167 897 1336 962 Duemmlar

130 981 160 1043 in
185 977 426 1055 AntistheniciS,
455 976 543 1039 Halis
565 995 592 1039 a.
613 976 642 1039 h.
665 994 689 1040 s.
712 981 751 1040 82
774 976 874 1039 editis.
918 977 976 1054 Qui
1010 978 1088 1044 liber
1116 997 1217 1061 aeque
1249 985 1335 1064 atquc

130 1061 268 1126 eiusdem
293 1060 348 1122 viri
372 1059 453 1121 docti
479 1059 707 1135 Academica¹l,
729 1077 791 1139 quo
814 1059 936 1139 saepius
954 1061 1068 1141 relego.
1090 1080 1127 1126 eo
1150 1063 1253 1141 magis
1271 1062 1335 1127 mihi

129 1145 266 1226 placent.
323 1141 507 1220 Nuperrirne
539 1140 715 1220 opinionem
750 1144 896 1221 exposuit
926 1159 1013 1206 suam
1049 1143 1182 1208 Carolus
1212 1145 1282 1211 Joel
1311 1146 1335 1209 in

131 1225 343 1306 disputatione
367 1222 442 1285 »der
458 1223 545 1287 echte
562 1224 625 1285 und
644 1223 698 1285 der
714 1223 978 1303 xenophontische
995 1226 1162 1290 Socrates«
1174 1227 1197 1305 1,
1213 1246 1243 1292 a.
1261 1232 1336 1308 1891,

131 1327 220 1389 qliae,
238 1324 427 1388 quartiquam
440 1305 625 1368 Duemmleri
641 1305 763 1369 laudem
777 1305 858 1387 tulit,
869 1314 972 1370 tamen
985 1308 1064 1372 alios
1077 1309 1181 1373 minus
1193 1309 1337 1375 movebat.

218 1389 276 1454 His
294 1390 467 1451 instructus
482 1386 668 1449 adiumentis
687 1389 827 1467 equidem
851 1407 914 1451 rem
937 1407 1083 1469 agressus
1107 1410 1186 1467 sum,
1210 1412 1278 1457 cum
1298 1411 1338 1456 me

132 1492 211 1537 nora
235 1470 388 1555 quaedam
414 1470 584 1532 allaturum
606 1488 675 1533 esse
697 1488 865 1550 sperarem.
907 1471 997 1536 Prius
1022 1490 1091 1538 uam
1122 1493 1196 1538 vero
1220 1476 1260 1539 ad
1282 1493 1338 1539 rem

131 1560 230 1638 ipsam
253 1573 301 1618 mc
321 1554 495 1631 accingam,
526 1570 617 1615 unam
640 1553 890 1632 praetermittere
913 1494 1100 1618 mihiitceat
1120 1556 1339 1621 confessionem

132 1660 181 1703 rire
204 1656 272 1700 esse
292 1635 498 1716 philologum,
532 1652 592 1696 non
621 1633 835 1716 philosophum
869 1654 978 1716 meque
1007 1644 1041 1700 ut
1068 1636 1263 1718 philologum
1284 1658 1339 1703 rem

135 1729 297 1784 tractasse.
336 1717 453 1780 Joelius
467 1717 546 1778 enim
566 1720 768 1794 praecaeteris
786 1724 820 1779 ut
836 1718 959 1781 videtur
977 1718 1192 1800 philosophus,
1205 1724 1340 1805 quumvis

136 1804 233 1868 nrulta
257 1801 335 1864 satis
357 1798 517 1879 praeclare
539 1799 702 1876 invenerit,
734 1799 916 1879 plerumque
939 1801 1087 1864 divinavit
1112 1805 1222 1881 trinnis,
1253 1822 1341 1885 quam

133 1885 285 1966 probavit.
330 1883 362 1946 ln
384 1881 530 1961 proximis
553 1900 589 1943 ex
607 1881 822 1961 Xenophontis
844 1882 989 1962 operibus
1012 1883 1164 1964 imprimis
1187 1885 1342 1951 0011111111-

134 1970 243 2046 turios,
267 1975 331 2030 tum
356 1964 580 2044 Cynopaediam
604 1971 746 2043 respecta
770 1982 920 2027 essenon
943 1973 1000 2046 est,
1023 1967 1275 2033 curdofendam.

218 2054 320 2129 Atque
342 2049 472 2127 primum
498 2046 621 2127 quidem
642 2047 909 2126 operaepretium
934 2065 1009 2111 sane
1032 2048 1199 2127 tumemus,
1222 2052 1247 2115 si
1270 2050 1341 2135 quid

137 2135 175 2197 de
197 2130 391 2194 Antisthenis
414 2129 479 2190 vita
501 2135 587 2191 certo
610 2130 680 2191 sciri
703 2130 817 2208 possit,
849 2137 913 2192 tum
945 2132 1099 2212 quomodo
1131 2138 1341 2198 commercium

139 2216 282 2278 habuerit
305 2231 373 2277 cum
395 2210 616 2290 Xenophonte,
647 2212 880 2290 investigamus.

726 2393 762 2454 A.

458 2517 485 2559 a.
531 2498 583 2559 lle
607 2497 872 2560 Antisthenis
896 2497 1026 2576 vitat)

216 2631 261 2693 Ad
286 2636 426 2708 tempus,
448 2647 508 2708 quo
531 2633 624 2690 natus
646 2627 687 2689 sit
710 2627 927 2708 Antisthenes,
960 2625 1214 2690 constituendum
1237 2644 1344 2690 ansam

134 2711 221 2774 nobis
255 2712 364 2792 prabet
388 2711 491 2773 Laert.
515 2710 602 2788 Diog.
628 2709 675 2786 VI,
701 2715 725 2787 l,
751 2716 775 2772 1.
820 2710 940 2773 Dicitur
961 2711 1000 2772 de
1030 2728 1081 2772 eo:
1113 2705 1198 2771 ὅθεν
1227 2709 1283 2772 καὶ
1312 2711 1346 2772 ἐν

136 2795 291 2877 Τανάγρᾳ
312 2794 396 2854 annui
416 2793 475 2878 τήν
497 2791 607 2872 μάχην
629 2787 846 2874 εὐδοκιμήσας
869 2792 968 2853 ἔδωκε
988 2791 1090 2872 λέγειν
1107 2791 1282 2871 Σωκράτει,
1306 2791 1345 2864 ὥς

133 2876 191 2941 onix
212 2875 255 2939 nir
278 2877 312 2938 ἐκ
334 2875 426 2937 δυοῖν
454 2870 737 2958 senoniensium
760 2883 866 2956 γέγονε
895 2879 1047 2955 γενναῖος.
1090 2872 1246 2937 Proelium
1275 2893 1347 2939 vero

137 2962 338 3038 Tanagrense
359 2977 440 3022 anno
462 2977 490 3019 a.
509 2958 580 3023 Chr.
600 2978 629 3020 n.
643 2962 702 3022 426
724 2970 792 3021 esse
814 2959 1007 3021 commissum
1020 2955 1217 3037 Thucydides
1240 2964 1348 3021 auctor

132 3050 181 3106 est
216 3043 267 3120 (cl.
298 3040 434 3121 Tlrucyd.
458 3041 506 3120 Ill,
524 3044 558 3104 91
591 3047 622 3104 et
650 3040 773 3104 Glinton
807 3039 878 3103 fast.
910 3040 987 3104 Heli.
1019 3039 1058 3102 ad
1093 3057 1123 3103 u.
1146 3038 1230 3121 426).
1286 3039 1346 3104 Sed

133 3126 283 3203 Diogenis
306 3125 514 3187 testimonium
532 3124 632 3186 solum
657 3123 728 3184 mihi
753 3141 813 3185 non
837 3121 1004 3199 sufficeret,
1025 3121 1106 3185 solet
1122 3121 1203 3184 enim
1226 3121 1279 3184 ille
1302 3120 1347 3185 vel

133 3211 198 3272 cius
229 3209 296 3269 lons
329 3205 495 3285 discipulos
527 3206 584 3267 hoo
613 3205 702 3265 modo
724 3221 792 3266 cum
814 3203 942 3266 Socrate
965 3205 1169 3284 coniungere,
1202 3204 1234 3266 id
1265 3202 1348 3285 quod

133 3290 248 3369 probat
272 3290 309 3349 de
326 3286 532 3365 Xenophonte
555 3286 960 3365 quoquenarratinnculal)
983 3286 1031 3363 (L.
1051 3287 1141 3366 Diog.
1155 3286 1190 3363 ΙΙ,
1209 3285 1272 3367 22),
1291 3285 1348 3349 nisi

133 3372 266 3434 alterum
303 3376 522 3445 argumentum
557 3366 644 3430 nobis
675 3369 929 3447 suppeditaretur
958 3370 1035 3432 satis
1059 3387 1164 3449 grave.
1208 3369 1288 3432 Nam
1317 3369 1348 3432 in

132 3451 352 3532 Xenophontis
365 3451 514 3515 Convivio
536 3488 577 3495 -
597 3450 680 3530 quod
702 3450 891 3514 celebratum
909 3458 957 3513 est
973 3452 1140 3515 secundum
1155 3451 1347 3515 Athenaeum

134 3537 172 3618 (V
197 3534 305 3612 21110)
328 3553 409 3597 anno
432 3538 486 3597 421
517 3534 577 3610 (vel
601 3539 660 3596 422
685 3534 721 3597 cf.
744 3533 776 3596 Ο.
798 3534 832 3596 F.
856 3533 1024 3611 Hermann,
1046 3534 1084 3597 de
1108 3542 1249 3613 tempore
1271 3531 1350 3597 Con·

134 3620 204 3682 vivii
239 3617 453 3697 Xenophontis
493 3618 523 3679 in
564 3616 622 3679 ind.
667 3616 760 3679 schol.
805 3617 935 3678 univers.
975 3615 1171 3695 Gottingens
1207 3617 1348 3692 1844141)

136 3700 340 3765 Antisthenes
363 3700 394 3760 in
418 3717 540 3761 scenam
561 3699 666 3778 prodit
689 3716 747 3761 non
772 3699 831 3760 iam
845 3698 1027 3762 adulescens
1051 3699 1288 3782 (cf.Xen.conr.
1302 3697 1350 3777 lV,

142 3789 174 3846 61
201 3785 270 3863 so).
314 3780 405 3843 Haud
437 3781 535 3843 multo
566 3782 661 3861 igitur
688 3799 705 3842 a
730 3800 803 3843 vero
826 3780 1057 3860 aberrabimus,
1087 3782 1111 3845 si
1145 3780 1268 3845 duobus
1290 3780 1351 3844 illis

205 3948 231 4009 1)
252 3944 345 3998 elissae
365 3963 388 3998 a,
412 3945 478 3999 1889
498 3945 580 4000 adita.

206 4016 231 4082 2)
251 4015 393 4068 Conferas:
423 4015 587 4083 Deyelmium
612 4015 654 4087 tde
675 4012 845 4068 Antisthenis
864 4012 993 4066 Socratici
1022 4013 1080 4066 vita
1101 4016 1129 4067 et
1153 4009 1301 4079 doctrina',
1326 4030 1351 4066 a.

137 4086 200 4138 1841
238 4084 304 4137 edit.
335 4085 368 4136 A.
396 4084 556 4145 Miillerum,
590 4083 624 4138 de
659 4083 779 4138 Antistii.
815 4081 908 4149 Cynici
946 4082 1005 4135 vita
1045 4084 1073 4135 et
1111 4083 1234 4161 scriptis,
1276 4082 1351 4135 1860.

140 4152 311 4222 tihappuissii
338 4152 458 4205 libellum
479 4149 650 4224 (Antislene’.
688 4153 820 4206 Blassium
847 4168 945 4218 quaeso
963 4151 1087 4204 ceriferae
1104 4152 1132 4204 in
1152 4152 1229 4211 libro,
1249 4151 1293 4204 cui
1310 4151 1350 4204 iu·

137 4223 246 4342 'scripssst
264 4223 314 4287 ,die
332 4222 449 4342 uitlische
470 4217 681 4308 Beredsamkeit’
701 4222 751 4341 12ξῖ
762 4240 808 4290 pg.
828 4221 877 4272 332
896 4239 934 4288 eq.
974 4220 1138 4289 Natorpium
1157 4221 1184 4273 in
1205 4221 1283 4284 libre,
1303 4219 1351 4288 qui

137 4309 231 4430 mserii)
239 4292 336 4415 11111111ἰ
337 4291 815 4416 (111111111111101111111111111111111111111
835 4357 954 4413 conotus
970 4357 999 4413 iu
1018 4375 1081 4412 nov.
1098 4358 1160 4412 lect.
1178 4376 1224 4428 pg.
1243 4357 1295 4412 534
1312 4376 1352 4427 sq.
