2964 4980
660 1005 821 1091 Vita.

201 1286 290 1340 Natus
307 1304 367 1339 snm
387 1287 545 1341 Ioannes
563 1288 669 1341 Dahm
680 1305 721 1341 en
740 1287 867 1343 Coloniae
886 1285 1127 1357 Agrippinensium
1145 1303 1170 1340 a.
1188 1285 1217 1339 h.
1235 1303 1255 1338 s.
1274 1285 1350 1338 LXX

129 1371 230 1426 nensis
250 1372 372 1425 Ianuarii
397 1372 441 1426 die
464 1373 546 1426 XVII
569 1377 649 1442 patre
679 1375 819 1428 Ioanne
844 1375 994 1427 mercatore
1021 1373 1110 1426 matre
1133 1369 1351 1425 Elisabetha

128 1473 143 1510 e
168 1457 253 1524 gente
280 1457 378 1520 ΜοΙΙ,
415 1473 484 1525 qnos
512 1457 602 1513 vivere
626 1475 711 1526 usqne
738 1459 827 1513 adhuc
853 1458 1001 1512 admodum
1025 1457 1141 1526 gaudeo.
1193 1456 1268 1512 Fidei
1301 1456 1346 1511 ad·

127 1541 219 1595 dictus
242 1559 302 1594 snm
325 1542 484 1598 catholicae.
528 1544 596 1598 Cum
620 1543 721 1599 litteris
747 1543 933 1600 elementariis
951 1560 1038 1598 essem
1066 1542 1204 1612 imbutus,
1230 1561 1347 1612 gymna-

126 1626 198 1681 sium
228 1627 349 1696 patrium
373 1628 510 1683 Friderico
529 1628 663 1684 Guilelmo
687 1629 808 1684 dicatum
832 1629 915 1700 petii,
943 1629 1017 1697 qnod
1044 1627 1176 1684 Osearo
1200 1631 1348 1698 laegero

127 1713 264 1768 directore
290 1712 377 1768 floret.
423 1717 501 1770 Anno
537 1732 600 1769 vero
626 1713 768 1768 LXXXIX
805 1714 975 1771 maturitatis
1007 1712 1166 1769 testimonio
1201 1715 1349 1770 instructus

128 1798 252 1853 Bonnam
279 1798 410 1868 migravi.
440 1805 473 1856 ut
499 1800 644 1872 philologis
671 1801 768 1856 studiis
795 1804 879 1871 atque
908 1799 1046 1855 historicis
1071 1815 1183 1870 operam
1208 1818 1347 1856 navarem.

128 1884 249 1939 Peractis
279 1885 342 1939 dein
368 1886 473 1941 duobus
499 1886 579 1940 annis
603 1887 638 1941 ad
663 1885 754 1940 studia
771 1886 937 1956 perficienda
959 1887 1138 1955 Marpurgum
1166 1903 1210 1942 me
1234 1887 1345 1942 contuli.
1405 1916 1408 1923 ·

128 1970 189 2035 Qua
206 1969 234 2022 in
260 1970 402 2026 academia
426 1971 542 2026 anno-h.
562 1990 582 2025 s.
601 1971 767 2025 LXXXXlV
791 1971 906 2027 ineunte
934 1988 1048 2026 examen
1072 1987 1122 2040 pro
1148 1971 1200 2026 fac.
1219 1972 1277 2027 doc.
1297 1990 1346 2028 nec

128 2073 184 2110 non
203 2073 276 2110 anuo
292 2056 537 2112 h.s.LXXXXV11
556 2075 640 2112 mens.
661 2059 719 2112 lun.
730 2057 775 2113 die
786 2058 879 2111 XXIV
895 2057 964 2112 illud
983 2058 1056 2126 quod
1076 2060 1176 2112 vocant
1192 2057 1345 2126 rigorosnm

128 2159 262 2211 superam.

196 2226 275 2281 Nunc
294 2227 418 2298 magistri
437 2245 549 2283 munere
567 2227 596 2281 in
615 2229 759 2298 gymnasio
778 2231 901 2284 rhenano
920 2228 1072 2283 Prumiensi
1091 2229 1199 2297 fungor.

201 2314 313 2368 Bonnae
331 2333 380 2384 per
398 2315 464 2369 duos
482 2320 643 2369 semenstres
661 2315 851 2384 proseminarii
863 2313 988 2368 historici
1005 2313 1246 2369 exercitationibus
1261 2311 1344 2367 inter·

128 2398 178 2462 fni,
201 2401 339 2468 Marpnrgi
366 2399 476 2469 perbis
498 2417 544 2453 sex
563 2417 668 2454 menses
691 2399 831 2454 seminarii
856 2399 990 2469 philologi
1008 2399 1107 2453 sodalis
1125 2399 1164 2451 fui
1184 2397 1344 2462 ordinarius,

127 2502 177 2554 per
193 2502 277 2538 unum
292 2487 439 2540 semenstre
458 2485 627 2540 secretarius.
663 2485 811 2540 Seminarii
823 2485 947 2539 historici
961 2484 1203 2540 exercitationibus
1221 2502 1271 2554 per
1288 2483 1344 2538 tria

127 2570 288 2625 semenstris
306 2570 428 2625 interfui.
575 2627 580 2638 ,
1307 2568 1308 2572 ’

196 2655 329 2710 Omnibus
347 2655 510 2712 doctissimis
529 2655 582 2710 illis
600 2656 673 2726 viris,
692 2675 760 2726 qnos
778 2660 966 2727 praeceptores
985 2673 1058 2711 meos
1071 2656 1191 2724 nomino,
1211 2654 1345 2710 exanimi

125 2741 266 2800 sententia
283 2741 388 2810 gratias
407 2759 467 2811 ago.
504 2742 629 2795 Maximis
647 2745 740 2797 autem
757 2759 802 2797 me
820 2741 968 2796 obstrinxit
982 2741 1344 2796 beneficiis'l'heodorus

128 2827 221 2896 Birt,
255 2826 304 2898 qui
329 2827 359 2880 in
386 2827 580 2881 conscribendo
615 2826 668 2880 hoc
701 2827 831 2897 opusculo
869 2828 1005 2881 fautorem
1036 2829 1191 2881 studiorum
1219 2843 1342 2880 meorum

127 2913 335 2984 adiutoremque
359 2930 387 2968 se
411 2913 558 2982 praestitit.
594 2911 644 2966 bui
667 2912 854 2981 gratissimum
878 2911 1004 2967 animum
1029 2931 1072 2968 me
1096 2917 1268 2968 servaturum
1288 2928 1344 2966 esse

126 2999 254 3069 spondeo.
