2964 4980
725 346 766 407 m

213 518 369 584 Conferas
401 525 564 600 praeterea
593 522 623 584 in
648 520 818 587 Commeat.
843 525 891 603 lV,
911 530 939 602 8,
959 530 991 589 ΙΙ
1024 527 1109 609 μηδὲ
1137 519 1238 588 ἄλλου
1261 548 1356 606 προς-

127 604 285 682 δεΐσθαι,
307 601 377 664 a'tt'
399 602 559 685 αὐτάρκης
581 594 666 666 εἶναι
688 612 720 667 ct
746 604 859 686 Cyrop.
885 608 958 687 VIII,
975 613 1002 687 3,
1017 614 1066 673 40.

216 703 338 766 Fadem
363 710 395 766 et
418 703 474 765 viri
493 710 525 765 et
548 703 687 772 mulieris
719 705 818 768 virtus
840 715 906 787 est,
936 706 972 770 cf.
993 707 1098 770 Laert.
1126 707 1215 785 Diog.
1241 706 1289 784 Vl,
1312 711 1356 768 12.

132 783 256 864 οἷνδρδς
278 785 334 848 καὶ
362 785 508 863 χυναικδς
535 785 659 866 pariari
689 785 801 870 α’ρετή.
846 790 923 852 Item
946 789 1116 870 Xenophon
1140 789 1235 854 ConV.
1260 788 1354 864 lte:

134 869 260 952 rJ-rtafg
284 871 383 945 ποιεῖ,
413 863 463 929 ὅτι
484 866 504 950 ἦ
525 874 689 947 γυναικεία
712 866 811 950 φύσις
833 871 930 934 ου’δὲν
948 877 1064 950 χείρων
1081 877 1137 955 τῆς
1158 876 1217 933 τοῦ
1234 871 1357 951 α’νδρδς

96 966 98 1035 ξ
135 953 220 1014 οὖσα
240 949 395 1031 τυγχάνει
417 985 458 994 -
479 949 604 1032 γνώμης
627 952 663 1012 δὲ
687 953 740 1014 καί
763 951 874 1032 ἰσχύος
894 955 1007 1017 δεῖται.

96 1040 98 1055 '
219 1051 358 1115 Omnia
390 1056 528 1112 cetera
560 1050 665 1111 bona
692 1069 770 1130 qrrae
803 1053 974 1116 secundum
1003 1051 1168 1115 arbitrium
1198 1049 1355 1112 hominurn

138 1135 232 1197 vitam
255 1132 378 1196 felicem
404 1131 546 1209 reddant,
568 1132 715 1212 dignitas,
740 1134 817 1214 laus,
840 1135 1045 1215 pulchritudo,
1069 1134 1197 1198 divitiae
1222 1132 1357 1194 luania

139 1223 231 1279 sunt
254 1214 441 1293 Cynicorum
463 1232 501 1277 ex
523 1215 674 1293 opinione.

220 1315 382 1393 Scriptum
406 1314 544 1376 videmus
566 1316 651 1392 apud
662 1314 765 1376 Laert.
786 1315 873 1394 Diog.
890 1316 936 1397 Vl,
953 1321 1024 1379 1051:
1048 1315 1178 1394 α’ρέσκει
1197 1312 1226 1373 δ’
1248 1311 1359 1382 αὐτοῖς

141 1397 215 1471 (scil.
239 1399 310 1467 τοῖς
334 1401 492 1470 Κυνικοῖς)
522 1395 575 1456 καὶ
604 1396 693 1468 τέλος
725 1387 809 1458 εἶναι
837 1399 906 1459 κατ’
936 1398 1057 1477 otperth·
1089 1400 1162 1481 ζῆν,
1194 1394 1235 1467 τίς
1264 1393 1357 1455 Ἀντι-

142 1485 264 1560 σίλιίνης
296 1480 398 1560 φησὶν
434 1479 470 1540 ἐν
509 1482 554 1555 τῷ
585 1478 739 1556 Ἡρακλεῖ
771 1487 811 1551 et,
840 1489 966 1559 postea:
1009 1488 1141 1560 αρέσκει
1178 1478 1216 1539 δὲ
1248 1475 1360 1546 αὐτοῖς

142 1562 191 1624 καὶ
213 1560 310 1633 λιτῶς
330 1564 439 1642 βιοῦν,
469 1557 648 1639 αὐτάρκεσι
668 1570 841 1641 χρωμένοις
869 1567 979 1635 σιτίοις
1001 1565 1055 1624 καὶ
1078 1566 1213 1643 τρίβωσι
1235 1555 1358 1637 μόνοις,

143 1640 288 1707 πλούτου
330 1645 384 1704 καὶ
427 1639 524 1723 δόξης
568 1642 621 1704 καὶ
658 1643 817 1722 εὐγενείας
860 1648 1131 1727 καταφρονοῦσιν.
1190 1641 1360 1703 Praeterea

144 1727 288 1805 inspicias
329 1743 444 1804 quaeso
481 1725 584 1786 hacrt.
628 1726 713 1804 lliog.
746 1727 845 1805 Vl,8
897 1729 1034 1800 (dicitur
1080 1728 1118 1790 de
1143 1720 1359 1801 Antisthene).:

145 1810 223 1886 πρὸς
260 1808 320 1869 adr
357 1804 512 1886 εἰπόντα,
550 1805 669 1869 πολλοί
703 1826 742 1870 σε
772 1810 959 1887 ἐπαινοῦσι,
999 1816 1033 1872 τί
1069 1810 1130 1891 χδρ
1168 1809 1230 1888 ἔφη
1262 1804 1362 1866 κακὸν

146 1895 331 1972 πεποίηκας
375 1890 478 1953 baert.
515 1889 603 1968 Diog.
637 1890 692 1967 VI,
713 1893 764 1954 ll:
798 1893 859 1974 τήν
886 1915 922 1953 τε
962 1894 1102 1968 α’δοξιάν
1141 1888 1273 1969 οἷχαίλδν
1307 1885 1361 1947 καὶ

146 1971 218 2035 ἴσον
240 1974 288 2051 τῷ
308 1973 410 2052 πόνῳ.
454 1972 541 2036 Adde
565 1972 687 2035 Arrian.
710 1973 840 2053 Epictet.
874 1975 995 2038 dissert.
1018 1976 1045 2052 l,
1069 1979 1117 2037 24.
1143 1973 1244 2035 Laert.
1269 1969 1360 2047 Diog.

146 2055 192 2130 Vl,
211 2059 259 2116 72.
297 2055 401 2116 Laert.
425 2056 513 2134 Diog.
539 2054 586 2130 Vl,
606 2061 634 2116 5.
682 2055 715 2117 ln
743 2055 958 2135 Xenophontis
981 2056 1073 2121 Conv.
1098 2055 1137 2120 tv
1159 2051 1360 2117 Antisthenes

146 2137 269 2198 divitias
299 2137 330 2199 iu
362 2138 473 2199 animis
502 2137 622 2218 positas
652 2154 721 2200 esse
744 2138 911 2202 existimat.
938 2138 1000 2219 (lV,
1022 2143 1089 2217 34):
1114 2135 1165 2202 ὅτι
1188 2138 1314 2218 νομίζω,
1337 2121 1365 2193 ui

146 2215 279 2297 ἄνδρες,
311 2218 387 2291 τοδς
415 2215 616 2298 οἷνθροίπους
645 2219 702 2282 oria
730 2222 765 2281 ἐν
792 2224 838 2301 τῷ
866 2221 942 2301 οἴκῳ
972 2222 1031 2284 τδν
1061 2221 1204 2285 πλοῦτον
1226 2217 1280 2278 καὶ
1301 2215 1364 2295 τήν

147 2306 264 2362 πενίαν
286 2302 387 2380 ἔχειν,
417 2300 503 2364 α’λλιὶ
532 2304 567 2364 ἐν
596 2304 668 2374 ταῖς
697 2307 829 2390 ψυχαῖς.
875 2304 957 2367 Dicit
981 2306 1009 2366 ih
1031 2303 1204 2367 Comment.
1227 2299 1276 2375 IV,
1295 2301 1359 2376 2,9

148 2383 289 2448 Socrates
308 2385 347 2446 de
367 2384 560 2462 Euthydemo
575 2383 708 2462 Cynico:
732 2380 861 2465 ἄγαμαί
874 2393 911 2463 γέ
930 2404 1000 2462 σου,
1023 2384 1108 2448 διότι
1130 2383 1187 2446 οὐκ
1208 2381 1362 2460 οἷργυρίου

148 2465 199 2527 καὶ
219 2469 357 2544 χρυσίου
380 2465 532 2544 προείλου
561 2466 752 2547 θησαυροδς
773 2471 955 2544 κεκτῆσθαι
975 2467 1099 2548 μᾶλλον
1129 2463 1151 2548 ἢ
1169 2468 1287 2546 σοφίας
1309 2459 1359 2542 (cf.

147 2567 191 2628 pr.
221 2547 311 2611 Stob.
339 2547 469 2626 florileg.
494 2550 541 2628 ΙΙΙ,
557 2549 597 2611 46
626 2567 678 2628 pg.
693 2553 731 2612 39
745 2546 796 2629 G).
848 2549 984 2613 Eandem
1017 2550 1195 2613 divitiarum
1224 2549 1358 2608 contem·

147 2631 283 2710 ptionem
308 2630 470 2709 praedicat
490 2629 662 2709 Xenophon
682 2632 712 2693 in
736 2630 909 2696 Commeat.
925 2633 947 2709 l,
966 2637 993 2710 2,
1014 2637 1060 2696 24.
1084 2636 1133 2711 25,
1155 2632 1186 2693 in
1210 2627 1322 2707 Cyrop.
1343 2624 1365 2701 l,

147 2719 173 2790 li,
189 2718 247 2789 do,
272 2710 324 2774 ubi
349 2713 478 2776 dicitur:
509 2712 623 2776 arctici
645 2712 682 2774 δὲ
705 2714 763 2776 ada
784 2712 985 2777 πολύευκτον
994 2715 1017 2797 1)
1041 2715 1184 2777 πλοῦτον
1205 2730 1363 2789 κατακτη-

147 2792 287 2875 σάμενοι
309 2794 364 2856 διοὶ
383 2799 498 2858 τοῦτον
519 2795 703 2858 α’ποίλοντο.

96 2942 98 2969 ,
229 2894 263 2959 In
287 2895 443 2956 sententia
474 2894 527 2956 illa
552 2895 701 2957 virtutum
724 2894 829 2957 doceri
860 2913 952 2975 posse
975 2893 1175 2958 Antisthenes
1206 2896 1238 2954 et
1261 2890 1365 2952 Xeno-

146 2975 229 3057 phon
256 2976 466 3055 consentiunt,
489 2976 526 3039 cf.
549 2976 653 3040 Laert.
677 2977 766 3056 Diog.
787 2977 834 3055 Vl,
856 2981 929 3040 105:
963 2978 1095 3059 ἄρεσκει
1113 2974 1151 3036 δὲ
1173 2974 1284 3044 αὐτοῖς
1308 2970 1368 3051 τήν

147 3057 269 3140 οἷρετήν
300 3058 457 3140 διδακτήν
487 3049 581 3137 εἶναι,
604 3077 732 3152 qtrocum
756 3076 917 3138 contpares
938 3059 1017 3123 Xen.
1050 3057 1167 3123 Colum.
1195 3055 1245 3135 IV,
1270 3057 1365 3146 6,103

147 3141 196 3220 ΙΙΙ,
214 3145 244 3219 9,
267 3146 318 3220 12,
354 3141 451 3205 Conv.
475 3141 512 3219 ll,
528 3143 557 3220 λ,
582 3141 634 3204 ubr
668 3142 815 3206 Socrates
847 3142 1032 3207 Antisthene
1061 3140 1214 3204 advocato
1243 3154 1313 3199 cum
1335 3153 1366 3197 vr

218 3336 246 3402 l)
272 3334 414 3389 Adiectivo
438 3335 609 3396 πολύευκτος
641 3339 693 3391 hoc
716 3342 827 3393 tantum
854 3339 913 3393 loco
939 3338 1026 3394 utitur
1053 3335 1220 3405 Xenoph0n;
1254 3335 1327 3387 certe
1352 3346 1368 3401 e

146 3405 236 3475 poetis
255 3403 282 3456 id
302 3405 430 3473 sumpsit,
450 3412 534 3473 atque
552 3408 677 3475 Aeschyli
695 3409 785 3460 locum
805 3409 892 3477 (Eum.
913 3426 950 3461 vs.
971 3410 1021 3461 537
1040 3408 1207 3465 πολύευκτος
1227 3399 1314 3471 ὄλβος)
1334 3400 1366 3454 X.

147 3475 322 3528 obversatum
348 3491 404 3528 esse
423 3475 592 3529 coniecerim.
638 3475 689 3541 Qui
716 3478 789 3529 locus
817 3477 914 3544 effugit
932 3475 1116 3535 Rauschium‚
1146 3476 1194 3542 qni
1220 3489 1309 3541 nuper
1336 3469 1369 3524 de

147 3542 343 3665 platponengpn.
363 3561 423 3596 cum
444 3545 533 3612 poetis
552 3545 717 3600 Graecorum
736 3545 921 3600 intercedente
940 3546 1007 3615 egit,
1026 3544 1055 3596 in
1074 3547 1180 3611 quaest.
1199 3540 1326 3611 Xenoph.
1348 3538 1369 3605 I,

175 3629 227 3666 ars
282 3622 296 3651 ς
317 3653 323 3666 .

216 3681 269 3734 Hic
288 3680 356 3733 mihi
375 3681 492 3736 facultas
509 3683 545 3735 sit
563 3683 629 3736 data
648 3681 801 3752 exponendi
821 3681 910 3734 locum
927 3681 1047 3751 aliquem
1067 3679 1133 3734 satis
1151 3678 1367 3734 memorabilem.

147 3748 304 3818 Porphyrio
330 3750 404 3804 enirn
431 3752 578 3804 scholiasta
605 3752 641 3806 ad
668 3754 760 3806 Horat.
787 3754 836 3804 sat.
864 3750 905 3811 ll,
928 3751 953 3812 2,
972 3753 1006 3806 94
1031 3750 1148 3803 adnotat
1175 3749 1237 3816 ,Das
1262 3745 1368 3814 aliquid

147 3817 258 3886 famae,
284 3836 355 3885 quae
378 3821 499 3875 carmine
517 3820 624 3888 gratior
644 3838 737 3874 aurem
763 3822 878 3887 occupet
904 3817 1073 3874 humanam'.
1117 3819 1174 3872 Ηοο
1192 3816 1369 3869 Antisthenes

147 3886 248 3941 dixisse
268 3888 395 3955 traditur,
414 3888 437 3942 is
456 3889 608 3944 enimcum
629 3889 737 3943 vidisset
756 3888 957 3942 adulescentem
977 3889 1147 3942 luxuriosum
1166 3884 1369 3942 acroamatibus

148 3956 282 4024 deditum,
301 3956 343 4010 ait
360 3958 487 4012 miserum
505 3962 539 4020 te,
559 3958 722 4027 adolescens,
740 3958 789 4026 qui
808 3973 950 4024 nunquam
971 3956 1073 4012 audisti
1086 3973 1223 4009 summum
1234 3971 1371 4012 acroama.

147 4024 177 4078 id
196 4030 238 4080 est
256 4026 364 4080 laudem
383 4030 468 4081 tuam.
504 4028 583 4081 Hanc
601 4027 688 4106 ipsam
707 4043 801 4080 vocem
822 4025 979 4080 invenimus
997 4026 1026 4079 in
1044 4027 1114 4078 Xen.
1130 4025 1236 4078 Comm.
1254 4024 1289 4091 ΙΙ,
1304 4022 1369 4089 1,31

148 4093 178 4147 in
196 4093 306 4148 Prodici
324 4094 357 4148 de
374 4096 489 4151 Hercule
513 4097 542 4149 In
561 4096 634 4150 bivlo
653 4097 768 4157 fabeIIa;
801 4095 851 4148 τοῦ
872 4093 902 4146 δὲ
921 4096 1034 4149 πάντων
1064 4089 1173 4164 ἡδίστου
1193 4090 1370 4179 ιῖκοιίσχιατος

149 4160 267 4216 ἐπαίνου
288 4162 387 4234 ἑαυτῆς
406 4164 523 4236 ἀνήκοος
544 4163 583 4228 εἶ,
608 4169 637 4220 et
654 4166 684 4219 in
703 4166 769 4219 Hier
797 4165 818 4233 I,
842 4165 884 4216 14:
913 4161 975 4219 ἐπεὶ
996 4163 1045 4217 τοῦ
1064 4162 1119 4234 μὲν
1142 4159 1251 4233 ἡδίστου
1271 4164 1370 4234 ιικροά-

148 4251 238 4304 ματος
257 4229 380 4296 ἐπαίνου,
401 4231 502 4287 οὔποτε
522 4237 674 4297 emittere.
693 4235 726 4288 cf.
745 4251 808 4304 pag.
828 4234 951 4289 anteced.
988 4233 1049 4287 Meo
1071 4232 1181 4300 quidem
1204 4231 1304 4287 iudicio
1323 4233 1372 4285 ant

149 4302 298 4355 scholiasta
318 4301 508 4356 Antisthenem
528 4321 590 4356 cum
609 4304 793 4373 Xenophonte
812 4302 957 4358 confundit
976 4306 1025 4356 aut
1043 4303 1198 4371 Xenophon
1219 4302 1302 4355 rerba
1320 4301 1369 4354 illu

150 4370 265 4425 forsitan
293 4387 326 4425 ex
345 4371 517 4426 Antisthenis
535 4373 650 4428 Hercule
669 4373 815 4441 desumpta
832 4371 942 4427 Prodici
960 4372 1070 4427 fabulae
1088 4369 1242 4424 admiscuit.
