2964 4980
803 339 844 399 46

206 519 341 602 quadam
375 518 467 583 dicit:
510 513 608 583 Οὔτοι
640 515 716 590 τούς
754 540 789 599 γε
821 522 1008 599 θεωμένους
1043 516 1132 581 τάδε
1170 517 1349 591 ἀντιλέξειν
1383 513 1431 574 ἔτι

207 603 326 683 οἴομαι,
349 600 390 675 ὦς
408 601 480 680 ουχὶ
504 601 523 683 ἡ
545 602 683 681 α’νδρεία
707 599 873 666 διδακτόν.

293 685 360 747 Hac
382 702 507 767 quoqne
528 684 558 746 in
583 684 727 763 opinione
749 685 854 747 videas
870 683 1087 764 Xenophontis
1109 688 1141 744 et
1164 680 1358 744 Antisthenis
1381 680 1429 743 vel

207 766 400 848 Cynicorum
424 783 582 830 conexum.
626 766 713 830 Sicut
742 769 879 846 corporis
903 784 998 845 opera
1029 767 1095 828 sine
1118 764 1341 827 exercitatione
1362 762 1430 826 hori

207 856 375 994 ροηιιαῖρι,
397 850 442 912 ita
464 848 557 911 enimi
578 866 700 929 quoque
718 866 812 928 opera
826 849 966 929 indigere
986 845 1229 912 exercitationis.
1274 844 1427 925 inspicias

221 949 295 996 ocos
342 949 391 995 os:

1090 1033 1170 1104 Diog.
1190 1032 1261 1101 apud
1283 1033 1377 1086 Laert.

252 1103 281 1158 in
301 1105 402 1158 Comm.
422 1098 485 1172 1‚'2‚
506 1100 545 1155 19.
648 1101 676 1154 in
698 1102 795 1172 Cyrop.
815 1101 979 1170 V11‚5‚75‚
1130 1103 1207 1171 Diog.
1230 1101 1273 1162 Vl,
1294 1102 1336 1154 70.

245 1185 299 1261 ὁρῶ
318 1185 372 1259 γὰρ
388 1183 481 1260 ὥσπερ
497 1183 529 1240 τὰ
549 1186 599 1239 τοῦ
660 1181 751 1260 οἵσπερ
786 1189 833 1240 καὶ
866 1190 895 1240 αὶ
932 1186 1012 1242 ἄλλαι
1049 1185 1239 1258 ’διττὴνδὲ
1250 1186 1350 1255 ἔλεγεν
1364 1187 1432 1252 (scil.

211 1261 333 1330 σώματος
352 1259 421 1328 ἔργα
447 1252 531 1316 τοὺς
550 1253 597 1338 μὴ
625 1255 720 1328 τέχναι
746 1252 934 1342 ἀμεληθεῖσαι
952 1261 1011 1330 μεί-
1039 1252 1433 1327 ὃἈνιισθὲνης1εἶναιτῖην

211 1325 251 1380 τὰ
279 1325 423 1399 σοι’ματα
455 1329 598 1378 ἀσκοον-
624 1345 687 1385 ονος
707 1323 781 1382 ἄξιαι
802 1345 949 1395 γιγνονται
968 1329 1014 1395 καὶ
1040 1321 1433 1407 ἅσκησιν,τηνμὲνψυ-

212 1416 274 1456 τας
292 1399 323 1449 οὐ
346 1395 518 1468 δυναμένους
537 1414 598 1447 ποι·
625 1389 662 1446 τὰ
688 1392 833 1467 σώματα
856 1414 897 1463 γε
917 1392 956 1447 τὰ
977 1395 1013 1449 cri
1036 1392 1159 1469 χικὴν,
1184 1390 1249 1462 τὴν
1268 1394 1303 1446 δε
1323 1414 1433 1464 σωμα-

213 1473 255 1520 εῖν
275 1460 345 1518 οὕτω
364 1467 411 1518 καὶ
430 1461 463 1518 τὰ
481 1464 528 1533 τῆς
547 1474 599 1529 ψυ-
625 1464 771 1550 ἔγοντα,
823 1459 928 1517 ὁπόταν
973 1483 1015 1524 τις
1040 1464 1161 1552 τικην,
1190 1461 1264 1516 εἶναι
1291 1463 1317 1514 d’
1348 1460 1434 1533 ἀτελῆ

209 1535 261 1608 γῆς
286 1534 354 1606 ἔργα
382 1530 447 1593 τοὺς
470 1531 509 1606 μὴ
536 1528 599 1604 τὴν
626 1529 695 1586 αοτὰ
725 1533 784 1608 ἀνῇ,
815 1531 861 1586 ἐπὶ
888 1534 1015 1606 ῥαδιουρ-
1041 1531 1091 1605 τὴν
1105 1532 1205 1606 ετὲραν
1214 1534 1298 1604 χωρὶς
1313 1532 1361 1601 τῆς
1376 1532 1431 1585 ἑτέ-

212 1599 329 1675 ψυχὴν
348 1600 552 1661 ἀσκοῦντας
568 1604 599 1654 οὐ
626 1605 693 1672 γίαν
706 1601 833 1690 πονήρως
847 1601 933 1655 πάλιν
948 1603 1013 1686 ἔχει,
1040 1624 1098 1675 ρας.
1126 1604 1159 1657 cf.
1186 1605 1250 1656 Ant.
1276 1602 1361 1672 frgm.
1384 1604 1432 1654 124

216 1672 396 1743 δυναμένους·
418 1670 482 1725 οὕτε
502 1670 557 1743 γὰρ
584 1667 601 1722 r‘r'
627 1667 1014 1745 οὕτωκαὶησωφροσυνη
1042 1673 1115 1742 apud
1135 1671 1268 1726 Mullach:
1299 1674 1354 1723 Δεῖ
1371 1668 1432 1730 τοὺς

214 1742 260 1795 dei
274 1738 411 1813 πράττειν
429 1737 494 1794 οὗτε
510 1740 547 1794 ὡν
560 1740 605 1793 δεῖ
627 1742 686 1792 καὶ
706 1736 937 1811 ἦέγκριὶεεια
958 1744 1015 1794 καὶ
1039 1743 1191 1813 μέλλοντας
1222 1735 1351 1808 ἀγαθοὺς
1387 1738 1430 1791 ι’ἱν-

215 1807 370 1882 ἇιιέχεσῶαι
390 1810 531 1863 δύνανται.
628 1805 643 1879 ἡ
669 1806 769 1878 ἀλκή,
789 1805 893 1863 ὁπόταν
909 1829 951 1870 τις
970 1807 1017 1862 αὖ·
1043 1811 1110 1883 δρας
1122 1813 1295 1880 γενησεσθαι
1312 1805 1349 1861 τὸ
1369 1809 1432 1880 μὲν

196 1884 198 1888 ’
628 1879 682 1931 τῶν
701 1879 754 1952 ἀνῇ
774 1875 1016 1949 σηνᾶσκησιν,
1042 1881 1138 1951 σῶμα
1172 1879 1339 1950 γυμνασίοις
1374 1875 1429 1930 ‹io-

628 1946 659 2001 ἐκ
678 1951 775 2001 τούτου
804 1948 844 2007 εἰς
864 1943 1016 2018 τὴνπονη-
1043 1957 1138 2010 κεῖν,
1167 1944 1230 2018 τὴν
1257 1943 1294 1999 δὲ
1315 1944 1431 2021 ψυχὴν

628 2020 693 2088 ρίαν
712 2015 798 2070 πάλιν
818 2016 958 2090 τρέπεται.
1043 2015 1248 2071 παιδεύειν,

298 2130 452 2192 Virtutem
478 2148 546 2191 csse
568 2147 724 2192 armorum
749 2131 851 2191 instar
872 2146 954 2207 quae
977 2127 1091 2192 auferri
1113 2148 1172 2192 non
1192 2134 1333 2207 possunt,
1358 2126 1431 2188 dicit

215 2211 351 2275 Antisth.
385 2213 466 2291 apud
499 2212 602 2274 Laert.
638 2211 727 2288 Diog.
760 2211 817 2291 VI,
846 2216 893 2273 12.
946 2211 1121 2275 Similitudo
1160 2211 1226 2274 eius
1258 2209 1430 2272 sententiae

216 2296 414 2373 cognoscitur
435 2314 470 2357 eo
489 2294 573 2376 quod
600 2294 747 2372 scriptum
765 2294 937 2357 invenimus
951 2294 1036 2373 apud
1052 2294 1289 2373 Xenophontem
1306 2290 1429 2355 Prodici

213 2376 360 2440 fabellam
382 2377 599 2455 explanantem
625 2378 655 2437 in
680 2378 794 2475 (lumin,
818 2376 857 2455 11,
874 2381 927 2438 32:
951 2381 1072 2458 βεβαία
1093 2377 1131 2438 δὲ
1153 2379 1218 2437 τῶν
1238 2377 1273 2437 ἐν
1302 2374 1433 2452 πολέμῳ

216 2456 388 2539 σύμμαχος
410 2461 510 2539 ἔργων
625 2456 645 2541 ἡ
665 2458 776 2541 α’ρετη.

298 2541 409 2623 Neque
430 2559 504 2604 vcro
526 2540 643 2604 sufficit
665 2558 854 2619 cognoscere
886 2542 1033 2603 virtutem
1064 2559 1155 2603 uriam
1178 2546 1210 2603 et
1233 2539 1329 2601 solam
1355 2537 1432 2600 satis

217 2642 286 2686 esse
306 2623 346 2684 ad
372 2624 468 2686 vitam
492 2623 636 2702 beatam,
661 2622 736 2684 illud
760 2626 894 2700 γνῶθι
913 2620 1076 2685 σαυτόν
1098 2623 1248 2702 imprimis
1273 2629 1322 2683 est
1343 2637 1432 2697 opus

219 2705 258 2768 Se
281 2706 383 2783 ipsum
413 2722 600 2783 cognoscere
627 2704 870 2783 philosophandi
901 2705 1022 2768 initium
1046 2715 1104 2767 est.
1149 2703 1300 2768 Conferas
1324 2703 1433 2764 Demu-

218 2789 319 2850 nactis
350 2787 403 2868 qui
428 2788 585 2850 Antonino
609 2787 663 2849 Pio
686 2786 794 2851 Marco
825 2787 952 2849 Aurelio
990 2787 1217 2868 imperantibus
1248 2784 1431 2865 Cynicorum

219 2869 354 2948 vestigia
376 2870 477 2933 denuo
500 2870 660 2949 ingressus
683 2875 741 2947 est,
763 2869 856 2943 frgm.
881 2874 899 2932 8
922 2871 1005 2949 apud
1029 2870 1246 2933 Mullachium:
1270 2868 1435 2949 Δημῶναξ

217 2953 406 3034 ἐρωτηθείς,
439 2949 523 3016 πότε
553 2950 674 3038 ἤρξατο
705 2952 915 3033 φιλοσοφεῖν,
948 2949 1004 3016 ὅτε
1035 2949 1323 3032 καταγιγνώσκειν,
1361 2952 1433 3029 ἔφη,

216 3035 362 3114 ἐμαυτοῦ
393 3033 552 3117 ἠρξάμην.
598 3036 757 3115 Cognosce
788 3044 932 3097 naturam
956 3044 1061 3111 tuam,
1095 3036 1126 3097 id
1160 3033 1251 3113 quasi
1288 3030 1433 3094 vexillum

218 3116 341 3196 Cynicis
372 3119 564 3198 propositum
595 3125 660 3197 est,
693 3117 728 3179 ci.
753 3115 815 3180 Jul.
846 3135 890 3179 or.
916 3121 943 3197 7,
963 3119 1019 3180 ‘all
1041 3118 1072 3180 C.
1092 3117 1129 3180 D.
1175 3116 1257 3193 Quid
1287 3115 1370 3194 quod
1404 3114 1434 3175 in

218 3198 390 3263 Comment.
413 3200 463 3279 111,
483 3205 510 3276 2,
527 3204 649 3263 24—30
681 3199 852 3277 Xenophon
882 3198 919 3261 de
947 3199 999 3262 illo
1027 3203 1131 3277 γνῶθι
1155 3194 1280 3262 σαῶιόν
1308 3195 1437 3275 exponit

217 3282 369 3360 incapite
390 3283 572 3359 ceteroquin
596 3281 635 3344 ad
661 3281 792 3358 Cynicos
804 3278 827 3360 1)
861 3282 1049 3359 pertinente,
1078 3300 1178 3344 nonne
1208 3298 1311 3344 eorurn
1344 3296 1432 3341 ruore

218 3361 409 3441 disputatum
442 3371 505 3442 est,
540 3382 640 3425 nonne
664 3362 896 3442 EuthydemuS,
931 3382 1032 3426 rerum
1065 3365 1249 3444 Cynicorum
1271 3366 1361 3424 actor
1384 3360 1435 3438 (cf.

219 3441 313 3524 §idi
336 3444 531 3507 Antisthenis
562 3444 683 3525 profert
707 3445 913 3522 sententiam,
948 3464 1017 3508 cum
1052 3446 1134 3508 dicat
1164 3447 1194 3527 ις
1216 3447 1286 3522 tot:
1323 3439 1435 3514 Οὕτως

181 3529 183 3533 ’
219 3527 326 3607 ἔμοιγε
348 3525 446 3605 δοκεῖ,
466 3529 539 3610 ἔφη,
562 3528 578 3590 ὁ
600 3529 645 3611 μη“
667 3526 761 3599 εἰδοῖς
779 3528 839 3610 την
861 3526 979 3590 ἑαυτοῦ
993 3528 1135 3608 δύναμιν
1149 3528 1278 3609 ἀγνοεῖν
1295 3522 1437 3588 saiada?

218 3608 367 3671 Conicras
390 3616 555 3689 praeterea
579 3611 691 3691 Cyrop.
716 3610 790 3686 11111,
811 3615 838 3686 2,
860 3614 908 3671 20.
944 3611 1033 3672 Dion.
1059 3611 1168 3689 Chrys,
1200 3630 1245 3673 or.
1268 3609 1307 3679 X,
1327 3613 1387 3671 303
1400 3608 1436 3670 R.

301 3691 556 3773 Σωφροσύνη
573 3692 806 3772 (temperantia,
828 3691 993 3773 modestia)
1013 3693 1155 3756 eximium
1172 3692 1268 3755 habet
1285 3691 1316 3754 in
1331 3691 1438 3754 Xeno·

218 3771 343 3853 phontis
367 3773 510 3836 doctrina
532 3775 649 3852 locum,
671 3775 707 3836 cf.
732 3774 851 3838 Comm.
874 3773 895 3853 1,
917 3776 942 3852 1,
966 3778 1013 3852 16,
1036 3776 1070 3854 Π,
1093 3777 1185 3855 1,12,
1215 3773 1265 3854 111,
1284 3779 1313 3851 9,
1333 3779 1362 3851 4,
1386 3773 1436 3850 IV,

292 3951 316 4019 1)
336 3952 397 4020 Vgl.
417 3953 491 4022 Joer‚
555 3995 561 4008 .
586 3954 652 4006 408:
682 3953 732 4006 »So
761 3952 823 4006 sehr
849 3953 893 4007 die
920 3953 1004 4009 Lehre
1031 3972 1084 4007 von
1109 3953 1158 4006 der
1186 3952 1438 4008 Selbsterlxenntnis

219 4021 307 4100 sicher
324 4023 405 4085 steht,
425 4023 497 4077 diese
515 3972 595 4092 ttgngc
611 4022 684 4075 Rede
695 4040 749 4101 ‘zur
761 4021 916 4091 Erkli'arung
929 4025 985 4077 und
997 4023 1225 4101 Verherrlichung
1244 4021 1334 4078 weckt
1352 4023 1437 4078 echon

220 4108 255 4145 an
274 4091 331 4143 sich
350 4091 402 4144 den
422 4091 568 4152 Verdacht‚
587 4091 648 4144 dass
667 4091 767 4146 wreder
787 4092 886 4146 einmal
906 4093 954 4146 der
972 4094 1069 4162 eifrige
1084 4091 1266 4145 Paranetilrer
1280 4093 1437 4163 Xenophon

221 4159 273 4212 den
292 4163 359 4213 stete
377 4161 526 4229 fragendeu
547 4160 675 4214 Sokratea
694 4161 909 4230 angerannus«.

291 4229 328 4282 De
346 4229 510 4297 Cynicorum
529 4229 558 4281 in
575 4230 624 4284 illo
638 4230 728 4297 capite
747 4230 868 4300 vestigiis
881 4230 1007 4299 inspicias
1019 4230 1185 4284 Duemmleri
1196 4228 1316 4283 Antisth.
1336 4247 1383 4298 pg.
1393 4231 1436 4284 35.

290 4296 365 4360 Quae
392 4317 435 4352 res
467 4299 546 4352 nobis
573 4299 731 4353 testimonio
759 4315 815 4353 esse
851 4303 956 4367 queunt
979 4299 1189 4368 Xenophontem
1219 4299 1291 4351 hunc
1315 4300 1437 4353 Socratis

224 4365 379 4421 doctrinam
398 4386 452 4422 non
472 4369 507 4422 ab
527 4369 587 4438 ipso
605 4368 747 4438 magistro,
766 4369 812 4422 scd
830 4386 879 4438 per
897 4368 1090 4422 Antisthenem
1109 4368 1267 4439 percepisse.
